
    <record>
      <header>
        <identifier>oai:carli.illinois.edu:CARLIVoyager2/1</identifier>
        <datestamp>2011-10-21T15:25:33Z</datestamp>
        <setSpec>bib</setSpec>
      </header>
      <metadata>
        <marc:record xmlns:marc="http://www.loc.gov/MARC21/slim" xmlns:xsi="http://www.w3.org/2001/XMLSchema-instance" xsi:schemaLocation="http://www.loc.gov/MARC21/slim http://xc.ilcso.uiuc.edu:8080/OAIToolkit2/schema/MARC21slim_custom.xsd">
          <marc:leader>05500ngm a2200997zi 4500</marc:leader>
          <marc:controlfield tag="001">BA27128031</marc:controlfield>
          <marc:controlfield tag="003">NII</marc:controlfield>
          <marc:controlfield tag="005">20110909142348.0</marc:controlfield>
          <marc:controlfield tag="007">vd </marc:controlfield>
          <marc:controlfield tag="008">090916s1994    gw ||||||b||||||||||eng|d</marc:controlfield>
          <marc:datafield tag="016" ind1="7" ind2=" ">
            <marc:subfield code="a">BA27128031</marc:subfield>
            <marc:subfield code="2">JP-ToKJK</marc:subfield>
          </marc:datafield>
          <marc:datafield tag="040" ind1=" " ind2=" ">
            <marc:subfield code="a">NII</marc:subfield>
          </marc:datafield>
          <marc:datafield tag="041" ind1="0" ind2=" ">
            <marc:subfield code="a">eng</marc:subfield>
          </marc:datafield>
          <marc:datafield tag="044" ind1=" " ind2=" ">
            <marc:subfield code="a">gw</marc:subfield>
            <marc:subfield code="5">NII</marc:subfield>
          </marc:datafield>
          <marc:datafield tag="050" ind1="0" ind2="0">
            <marc:subfield code="a">MT85</marc:subfield>
          </marc:datafield>
          <marc:datafield tag="100" ind1="1" ind2=" ">
            <marc:subfield code="a">Barbirolli, John, Sir, 1899-1970</marc:subfield>
            <marc:subfield code="0">(NII)DA09097056</marc:subfield>
          </marc:datafield>
          <marc:datafield tag="100" ind1="1" ind2=" ">
            <marc:subfield code="a">Bernstein, Leonard, 1918-1990</marc:subfield>
            <marc:subfield code="0">(NII)DA01523219</marc:subfield>
          </marc:datafield>
          <marc:datafield tag="100" ind1="1" ind2=" ">
            <marc:subfield code="a">Furtwängler, Wilhelm, 1886-1954</marc:subfield>
            <marc:subfield code="0">(NII)DA00363886</marc:subfield>
          </marc:datafield>
          <marc:datafield tag="100" ind1="1" ind2=" ">
            <marc:subfield code="a">Klemperer, Otto, 1885-1973</marc:subfield>
            <marc:subfield code="0">(NII)DA10901339</marc:subfield>
          </marc:datafield>
          <marc:datafield tag="100" ind1="1" ind2=" ">
            <marc:subfield code="a">Nikisch, Arthur, 1855-1922</marc:subfield>
            <marc:subfield code="0">(NII)DA04047527</marc:subfield>
          </marc:datafield>
          <marc:datafield tag="100" ind1="1" ind2=" ">
            <marc:subfield code="a">Stokowski, Leopold, 1882-1977</marc:subfield>
            <marc:subfield code="0">(NII)DA08805321</marc:subfield>
          </marc:datafield>
          <marc:datafield tag="100" ind1="1" ind2=" ">
            <marc:subfield code="a">Szell, George, 1897-1970</marc:subfield>
            <marc:subfield code="0">(NII)DA05373082</marc:subfield>
          </marc:datafield>
          <marc:datafield tag="100" ind1="1" ind2=" ">
            <marc:subfield code="a">Walter, Bruno, 1876-1962</marc:subfield>
            <marc:subfield code="0">(NII)DA02706440</marc:subfield>
          </marc:datafield>
          <marc:datafield tag="100" ind1="1" ind2=" ">
            <marc:subfield code="a">Beecham, Thomas, Sir, 1879-1961</marc:subfield>
            <marc:subfield code="0">(NII)DA09119228</marc:subfield>
          </marc:datafield>
          <marc:datafield tag="100" ind1="1" ind2=" ">
            <marc:subfield code="a">Busch, Fritz, 1890-1951</marc:subfield>
            <marc:subfield code="0">(NII)DA09432398</marc:subfield>
          </marc:datafield>
          <marc:datafield tag="100" ind1="1" ind2=" ">
            <marc:subfield code="a">Karajan, Herbert von, 1908-1989</marc:subfield>
            <marc:subfield code="0">(NII)DA03564705</marc:subfield>
          </marc:datafield>
          <marc:datafield tag="100" ind1="1" ind2=" ">
            <marc:subfield code="a">Koussevitzky, Serge, 1874-1951</marc:subfield>
            <marc:subfield code="0">(NII)DA09100310</marc:subfield>
          </marc:datafield>
          <marc:datafield tag="100" ind1="1" ind2=" ">
            <marc:subfield code="a">Reiner, Fritz, 1888-1963</marc:subfield>
            <marc:subfield code="0">(NII)DA08020635</marc:subfield>
          </marc:datafield>
          <marc:datafield tag="100" ind1="1" ind2=" ">
            <marc:subfield code="a">Strauss, Richard, 1864-1949</marc:subfield>
            <marc:subfield code="0">(NII)DA00362500</marc:subfield>
          </marc:datafield>
          <marc:datafield tag="100" ind1="1" ind2=" ">
            <marc:subfield code="a">Toscanini, Arturo, 1867-1957</marc:subfield>
            <marc:subfield code="0">(NII)DA06160021</marc:subfield>
          </marc:datafield>
          <marc:datafield tag="100" ind1="1" ind2=" ">
            <marc:subfield code="a">Weingartner, Felix, 1863-1942</marc:subfield>
            <marc:subfield code="0">(NII)DA07264758</marc:subfield>
          </marc:datafield>
          <marc:datafield tag="100" ind1="1" ind2=" ">
            <marc:subfield code="a">Beethoven, Ludwig van, 1770-1827</marc:subfield>
            <marc:subfield code="0">(NII)DA00371498</marc:subfield>
          </marc:datafield>
          <marc:datafield tag="100" ind1="1" ind2=" ">
            <marc:subfield code="a">Shostakovich, Dmitriĭ Dmitrievich, 1906-1975</marc:subfield>
            <marc:subfield code="0">(NII)DA00390619</marc:subfield>
          </marc:datafield>
          <marc:datafield tag="100" ind1="1" ind2=" ">
            <marc:subfield code="a">Bruckner, Anton, 1824-1896</marc:subfield>
            <marc:subfield code="0">(NII)DA04024973</marc:subfield>
          </marc:datafield>
          <marc:datafield tag="100" ind1="1" ind2=" ">
            <marc:subfield code="a">Gounod, Charles, 1818-1893</marc:subfield>
            <marc:subfield code="0">(NII)DA04249827</marc:subfield>
          </marc:datafield>
          <marc:datafield tag="100" ind1="1" ind2=" ">
            <marc:subfield code="a">Weber, Carl Maria von, 1786-1826</marc:subfield>
            <marc:subfield code="0">(NII)DA01202995</marc:subfield>
          </marc:datafield>
          <marc:datafield tag="100" ind1="1" ind2=" ">
            <marc:subfield code="a">Wagner, Richard, 1813-1883</marc:subfield>
            <marc:subfield code="0">(NII)DA00937941</marc:subfield>
          </marc:datafield>
          <marc:datafield tag="100" ind1="1" ind2=" ">
            <marc:subfield code="a">Mozart, Wolfgang Amadeus, 1756-1791</marc:subfield>
            <marc:subfield code="0">(NII)DA00465977</marc:subfield>
          </marc:datafield>
          <marc:datafield tag="100" ind1="1" ind2=" ">
            <marc:subfield code="a">Brahms, Johannes, 1833-1897</marc:subfield>
            <marc:subfield code="0">(NII)DA03146953</marc:subfield>
          </marc:datafield>
          <marc:datafield tag="245" ind1="1" ind2="0">
            <marc:subfield code="a">Great conductors of the past</marc:subfield>
          </marc:datafield>
          <marc:datafield tag="246" ind1="3" ind2="3">
            <marc:subfield code="6">880-01</marc:subfield>
            <marc:subfield code="a">今世紀の偉大な名指揮者たち</marc:subfield>
          </marc:datafield>
          <marc:datafield tag="260" ind1=" " ind2=" ">
            <marc:subfield code="a">Hamburg</marc:subfield>
            <marc:subfield code="b">Teldec Video</marc:subfield>
            <marc:subfield code="c">p1994</marc:subfield>
            <marc:subfield code="a">Japan</marc:subfield>
            <marc:subfield code="b">Marketed by Warner-Pioneer</marc:subfield>
          </marc:datafield>
          <marc:datafield tag="300" ind1=" " ind2=" ">
            <marc:subfield code="a">1 videodisc (117 min.)</marc:subfield>
            <marc:subfield code="b">sd., b&amp;w with col.</marc:subfield>
            <marc:subfield code="c">12 in.</marc:subfield>
            <marc:subfield code="e">1 Japanese leaflet, 1 English sheet</marc:subfield>
          </marc:datafield>
          <marc:datafield tag="490" ind1="0" ind2=" ">
            <marc:subfield code="a">The art of conducting</marc:subfield>
            <marc:subfield code="3">BA35082344</marc:subfield>
            <marc:subfield code="v">[1]</marc:subfield>
          </marc:datafield>
          <marc:datafield tag="500" ind1=" " ind2=" ">
            <marc:subfield code="a">LaserVision CLV; mono. &amp; stereo</marc:subfield>
          </marc:datafield>
          <marc:datafield tag="500" ind1=" " ind2=" ">
            <marc:subfield code="a">Title on leaflet: 今世紀の偉大な名指揮者たち</marc:subfield>
          </marc:datafield>
          <marc:datafield tag="500" ind1=" " ind2=" ">
            <marc:subfield code="a">Scenes from concerts or reheasals with commentary by John Eliot Gardiner et. al</marc:subfield>
          </marc:datafield>
          <marc:datafield tag="500" ind1=" " ind2=" ">
            <marc:subfield code="a">Teldec Video: WPLS-4009 (4509-95038-6)</marc:subfield>
          </marc:datafield>
          <marc:datafield tag="505" ind1="0" ind2="0">
            <marc:subfield code="g">Side 1</marc:subfield>
            <marc:subfield code="t">交響曲第5番ハ短調</marc:subfield>
            <marc:subfield code="r">ベートーヴェン</marc:subfield>
          </marc:datafield>
          <marc:datafield tag="505" ind1="0" ind2="0">
            <marc:subfield code="t">交響曲第5番ニ短調</marc:subfield>
            <marc:subfield code="r">ショスタコーヴィチ</marc:subfield>
          </marc:datafield>
          <marc:datafield tag="505" ind1="0" ind2="0">
            <marc:subfield code="t">サー・ジョン・バルビローリ : 交響曲第7番ホ長調</marc:subfield>
            <marc:subfield code="r">ブルックナー</marc:subfield>
          </marc:datafield>
          <marc:datafield tag="505" ind1="0" ind2="0">
            <marc:subfield code="t">サー・トマス・ビーチャム : 「ファウスト」よりバレエ音楽</marc:subfield>
            <marc:subfield code="r">グノー</marc:subfield>
          </marc:datafield>
          <marc:datafield tag="505" ind1="0" ind2="0">
            <marc:subfield code="t">アルトゥール・ニキシュ</marc:subfield>
          </marc:datafield>
          <marc:datafield tag="505" ind1="0" ind2="0">
            <marc:subfield code="t">リヒャルト・シュトラウス : 交響詩「ティル=オイレンシュピーゲルの愉快ないたずら」</marc:subfield>
          </marc:datafield>
          <marc:datafield tag="505" ind1="0" ind2="0">
            <marc:subfield code="t">フェリックス・ワインガルトナー : 歌劇「魔弾の射手」序曲</marc:subfield>
            <marc:subfield code="r">ウェーバー</marc:subfield>
          </marc:datafield>
          <marc:datafield tag="505" ind1="0" ind2="0">
            <marc:subfield code="t">フリッツ・ブッシュ : 歌劇「タンホイザー」序曲</marc:subfield>
            <marc:subfield code="r">ワーグナー</marc:subfield>
          </marc:datafield>
          <marc:datafield tag="505" ind1="0" ind2="0">
            <marc:subfield code="t">ブルーノ・ワルター : 交響曲第40番ト短調</marc:subfield>
            <marc:subfield code="r">モーツァルト</marc:subfield>
          </marc:datafield>
          <marc:datafield tag="505" ind1="0" ind2="0">
            <marc:subfield code="t">交響曲第2番ニ長調</marc:subfield>
            <marc:subfield code="r">ブラームス</marc:subfield>
          </marc:datafield>
          <marc:datafield tag="505" ind1="0" ind2="0">
            <marc:subfield code="t">オットー・クレンペラー : 「エグモント」序曲</marc:subfield>
            <marc:subfield code="r">ベートーヴェン</marc:subfield>
          </marc:datafield>
          <marc:datafield tag="505" ind1="0" ind2="0">
            <marc:subfield code="t">交響曲第9番ニ短調</marc:subfield>
            <marc:subfield code="r">ベートーヴェン</marc:subfield>
          </marc:datafield>
          <marc:datafield tag="505" ind1="0" ind2="0">
            <marc:subfield code="t">ウィルヘルム・フルトヴェングラー : 「マイスタージンガー」前奏曲</marc:subfield>
            <marc:subfield code="r">ワーグナー</marc:subfield>
          </marc:datafield>
          <marc:datafield tag="505" ind1="0" ind2="0">
            <marc:subfield code="t">交響曲第8番ロ短調「未完成」</marc:subfield>
            <marc:subfield code="r">シューベルト</marc:subfield>
          </marc:datafield>
          <marc:datafield tag="505" ind1="0" ind2="0">
            <marc:subfield code="t">交響曲第4番ホ短調</marc:subfield>
            <marc:subfield code="r">ブラームス</marc:subfield>
          </marc:datafield>
          <marc:datafield tag="505" ind1="0" ind2="0">
            <marc:subfield code="g">Side 2</marc:subfield>
            <marc:subfield code="t">アルトゥーロ・トスカニーニ</marc:subfield>
            <marc:subfield code="r">ヴェルディ</marc:subfield>
          </marc:datafield>
          <marc:datafield tag="505" ind1="0" ind2="0">
            <marc:subfield code="t">歌劇「椿姫」よりジプシーの合唱</marc:subfield>
            <marc:subfield code="r">ヴェルディ</marc:subfield>
          </marc:datafield>
          <marc:datafield tag="505" ind1="0" ind2="0">
            <marc:subfield code="t">交響詩「ローマの松」</marc:subfield>
            <marc:subfield code="r">レスピーギ</marc:subfield>
          </marc:datafield>
          <marc:datafield tag="505" ind1="0" ind2="0">
            <marc:subfield code="t">レオポルド・ストコフスキー : 「ディドとエアネス」より"ディドの嘆き"</marc:subfield>
            <marc:subfield code="r">パーセル</marc:subfield>
          </marc:datafield>
          <marc:datafield tag="505" ind1="0" ind2="0">
            <marc:subfield code="t">交響曲第5番ホ短調</marc:subfield>
            <marc:subfield code="r">チャイコフスキー</marc:subfield>
          </marc:datafield>
          <marc:datafield tag="505" ind1="0" ind2="0">
            <marc:subfield code="t">トッカータとフーガニ短調</marc:subfield>
            <marc:subfield code="r">バッハ</marc:subfield>
          </marc:datafield>
          <marc:datafield tag="505" ind1="0" ind2="0">
            <marc:subfield code="t">セルゲイ・クーセヴィツキー : 「エグモント」序曲</marc:subfield>
            <marc:subfield code="r">ベートーヴェン</marc:subfield>
          </marc:datafield>
          <marc:datafield tag="505" ind1="0" ind2="0">
            <marc:subfield code="t">フリッツ・ライナー : ヴァイオリン協奏曲ニ長調</marc:subfield>
            <marc:subfield code="r">チャイコフスキー</marc:subfield>
          </marc:datafield>
          <marc:datafield tag="505" ind1="0" ind2="0">
            <marc:subfield code="t">交響曲第7番イ長調</marc:subfield>
            <marc:subfield code="r">ベートーヴェン</marc:subfield>
          </marc:datafield>
          <marc:datafield tag="505" ind1="0" ind2="0">
            <marc:subfield code="t">ジョージ・セル : 大学祝典序曲</marc:subfield>
            <marc:subfield code="r">ブラームス</marc:subfield>
          </marc:datafield>
          <marc:datafield tag="505" ind1="0" ind2="0">
            <marc:subfield code="t">交響曲第5番ハ短調</marc:subfield>
            <marc:subfield code="r">ベートーヴェン</marc:subfield>
          </marc:datafield>
          <marc:datafield tag="505" ind1="0" ind2="0">
            <marc:subfield code="t">ヘルベルト・フォン・カラヤン : 交響曲第5番ハ短調</marc:subfield>
            <marc:subfield code="r">ベートーヴェン</marc:subfield>
          </marc:datafield>
          <marc:datafield tag="505" ind1="0" ind2="0">
            <marc:subfield code="t">海</marc:subfield>
            <marc:subfield code="r">ドビュッシー</marc:subfield>
          </marc:datafield>
          <marc:datafield tag="505" ind1="0" ind2="0">
            <marc:subfield code="t">レナード・バーンスタイン : 交響曲第5番ニ短調</marc:subfield>
            <marc:subfield code="r">ショスタコーヴィチ</marc:subfield>
          </marc:datafield>
          <marc:datafield tag="505" ind1="0" ind2="0">
            <marc:subfield code="t">交響曲第4番ト長調</marc:subfield>
            <marc:subfield code="r">マーラー</marc:subfield>
          </marc:datafield>
          <marc:datafield tag="505" ind1="0" ind2="0">
            <marc:subfield code="t">交響曲第9番ニ短調</marc:subfield>
            <marc:subfield code="r">ベートーヴェン</marc:subfield>
          </marc:datafield>
          <marc:datafield tag="650" ind1=" " ind2="0">
            <marc:subfield code="a">Conductors (Music)</marc:subfield>
            <marc:subfield code="2">LCSH</marc:subfield>
          </marc:datafield>
          <marc:datafield tag="650" ind1=" " ind2="0">
            <marc:subfield code="a">Rehearsals (Music)</marc:subfield>
            <marc:subfield code="2">LCSH</marc:subfield>
          </marc:datafield>
          <marc:datafield tag="740" ind1="0" ind2=" ">
            <marc:subfield code="a">Great conductors of the past</marc:subfield>
          </marc:datafield>
          <marc:datafield tag="830" ind1=" " ind2=" ">
            <marc:subfield code="w">BA35082344</marc:subfield>
          </marc:datafield>
          <marc:datafield tag="852" ind1=" " ind2=" ">
            <marc:subfield code="a">九大芸(FA003476)</marc:subfield>
            <marc:subfield code="k">LV761/A79</marc:subfield>
            <marc:subfield code="m">OTHER</marc:subfield>
            <marc:subfield code="b">Design</marc:subfield>
            <marc:subfield code="x">Library</marc:subfield>
            <marc:subfield code="j">芸工視聴覚 3階</marc:subfield>
            <marc:subfield code="g">DESIGN LIBRARY</marc:subfield>
            <marc:subfield code="p">072031397000842</marc:subfield>
            <marc:subfield code="6">2004-01-22</marc:subfield>
            <marc:subfield code="i">OS000036</marc:subfield>
          </marc:datafield>
          <marc:datafield tag="880" ind1="3" ind2="3">
            <marc:subfield code="6">246-01/$1</marc:subfield>
            <marc:subfield code="a">コンセイキ ノ イダイナ メイシキシャ タチ</marc:subfield>
          </marc:datafield>
        </marc:record>
      </metadata>
    </record>