
    <record>
      <header>
        <identifier>oai:carli.illinois.edu:CARLIVoyager2/10</identifier>
        <datestamp>2011-10-21T15:25:33Z</datestamp>
        <setSpec>bib</setSpec>
      </header>
      <metadata>
        <marc:record xmlns:marc="http://www.loc.gov/MARC21/slim" xmlns:xsi="http://www.w3.org/2001/XMLSchema-instance" xsi:schemaLocation="http://www.loc.gov/MARC21/slim http://xc.ilcso.uiuc.edu:8080/OAIToolkit2/schema/MARC21slim_custom.xsd">
          <marc:leader>10777nam a2201981zi 4500</marc:leader>
          <marc:controlfield tag="001">BA31757267</marc:controlfield>
          <marc:controlfield tag="003">NII</marc:controlfield>
          <marc:controlfield tag="005">20110909142350.0</marc:controlfield>
          <marc:controlfield tag="007">ta </marc:controlfield>
          <marc:controlfield tag="008">090911s1929    ja ||||||b||||||||||jpn|d</marc:controlfield>
          <marc:datafield tag="016" ind1="7" ind2=" ">
            <marc:subfield code="a">BA31757267</marc:subfield>
            <marc:subfield code="2">JP-ToKJK</marc:subfield>
          </marc:datafield>
          <marc:datafield tag="020" ind1=" " ind2=" ">
            <marc:subfield code="a">(第10冊)</marc:subfield>
          </marc:datafield>
          <marc:datafield tag="020" ind1=" " ind2=" ">
            <marc:subfield code="a">(第11冊)</marc:subfield>
          </marc:datafield>
          <marc:datafield tag="020" ind1=" " ind2=" ">
            <marc:subfield code="a">(第12冊)</marc:subfield>
          </marc:datafield>
          <marc:datafield tag="020" ind1=" " ind2=" ">
            <marc:subfield code="a">(第1冊)</marc:subfield>
          </marc:datafield>
          <marc:datafield tag="020" ind1=" " ind2=" ">
            <marc:subfield code="a">(第2冊)</marc:subfield>
          </marc:datafield>
          <marc:datafield tag="020" ind1=" " ind2=" ">
            <marc:subfield code="a">(第3冊)</marc:subfield>
          </marc:datafield>
          <marc:datafield tag="020" ind1=" " ind2=" ">
            <marc:subfield code="a">(第4冊)</marc:subfield>
          </marc:datafield>
          <marc:datafield tag="020" ind1=" " ind2=" ">
            <marc:subfield code="a">(第5冊)</marc:subfield>
          </marc:datafield>
          <marc:datafield tag="020" ind1=" " ind2=" ">
            <marc:subfield code="a">(第6冊)</marc:subfield>
          </marc:datafield>
          <marc:datafield tag="020" ind1=" " ind2=" ">
            <marc:subfield code="a">(第7冊)</marc:subfield>
          </marc:datafield>
          <marc:datafield tag="020" ind1=" " ind2=" ">
            <marc:subfield code="a">(第8冊)</marc:subfield>
          </marc:datafield>
          <marc:datafield tag="020" ind1=" " ind2=" ">
            <marc:subfield code="a">(第9冊)</marc:subfield>
          </marc:datafield>
          <marc:datafield tag="040" ind1=" " ind2=" ">
            <marc:subfield code="a">NII</marc:subfield>
          </marc:datafield>
          <marc:datafield tag="041" ind1="0" ind2=" ">
            <marc:subfield code="a">jpn</marc:subfield>
          </marc:datafield>
          <marc:datafield tag="044" ind1=" " ind2=" ">
            <marc:subfield code="a">ja</marc:subfield>
            <marc:subfield code="5">NII</marc:subfield>
          </marc:datafield>
          <marc:datafield tag="100" ind1="1" ind2=" ">
            <marc:subfield code="6">880-01</marc:subfield>
            <marc:subfield code="a">岩波書店</marc:subfield>
            <marc:subfield code="0">(NII)DA00491762</marc:subfield>
          </marc:datafield>
          <marc:datafield tag="245" ind1="1" ind2="0">
            <marc:subfield code="a">世界思潮</marc:subfield>
            <marc:subfield code="6">880-02</marc:subfield>
          </marc:datafield>
          <marc:datafield tag="246" ind1="3" ind2="4">
            <marc:subfield code="6">880-03</marc:subfield>
            <marc:subfield code="a">岩波講座世界思潮</marc:subfield>
          </marc:datafield>
          <marc:datafield tag="260" ind1=" " ind2=" ">
            <marc:subfield code="a">東京</marc:subfield>
            <marc:subfield code="b">岩波書店</marc:subfield>
            <marc:subfield code="c">1929.6-1930.5</marc:subfield>
          </marc:datafield>
          <marc:datafield tag="300" ind1=" " ind2=" ">
            <marc:subfield code="a">冊</marc:subfield>
            <marc:subfield code="c">23cm</marc:subfield>
          </marc:datafield>
          <marc:datafield tag="500" ind1=" " ind2=" ">
            <marc:subfield code="a">第12冊の巻末に「岩波講座世界思潮 總目次」あり</marc:subfield>
          </marc:datafield>
          <marc:datafield tag="500" ind1=" " ind2=" ">
            <marc:subfield code="a">第12冊の巻末に「世界思潮第1輯目次-世界思潮第6輯目次」あり</marc:subfield>
          </marc:datafield>
          <marc:datafield tag="505" ind1="0" ind2="0">
            <marc:subfield code="t">第1冊. 西洋思潮</marc:subfield>
            <marc:subfield code="r">大類伸</marc:subfield>
          </marc:datafield>
          <marc:datafield tag="505" ind1="0" ind2="0">
            <marc:subfield code="t">東洋思潮</marc:subfield>
            <marc:subfield code="r">矢吹慶輝</marc:subfield>
          </marc:datafield>
          <marc:datafield tag="505" ind1="0" ind2="0">
            <marc:subfield code="t">現代思潮</marc:subfield>
            <marc:subfield code="r">三木清</marc:subfield>
          </marc:datafield>
          <marc:datafield tag="505" ind1="0" ind2="0">
            <marc:subfield code="t">佛陀</marc:subfield>
            <marc:subfield code="r">宇井伯壽</marc:subfield>
          </marc:datafield>
          <marc:datafield tag="505" ind1="0" ind2="0">
            <marc:subfield code="t">ソクラテス</marc:subfield>
            <marc:subfield code="r">出隆</marc:subfield>
          </marc:datafield>
          <marc:datafield tag="505" ind1="0" ind2="0">
            <marc:subfield code="t">聖徳太子</marc:subfield>
            <marc:subfield code="r">辻善之助</marc:subfield>
          </marc:datafield>
          <marc:datafield tag="505" ind1="0" ind2="0">
            <marc:subfield code="t">ダンテ</marc:subfield>
            <marc:subfield code="r">阿部次郎</marc:subfield>
          </marc:datafield>
          <marc:datafield tag="505" ind1="0" ind2="0">
            <marc:subfield code="t">ブルノ</marc:subfield>
            <marc:subfield code="r">安倍能成</marc:subfield>
          </marc:datafield>
          <marc:datafield tag="505" ind1="0" ind2="0">
            <marc:subfield code="t">カント</marc:subfield>
            <marc:subfield code="r">小山鞆繪</marc:subfield>
          </marc:datafield>
          <marc:datafield tag="505" ind1="0" ind2="0">
            <marc:subfield code="t">希臘哲學に於ける「有るもの」</marc:subfield>
            <marc:subfield code="r">西田幾太郎</marc:subfield>
          </marc:datafield>
          <marc:datafield tag="505" ind1="0" ind2="0">
            <marc:subfield code="t">日本宗教運動</marc:subfield>
            <marc:subfield code="r">松本彦次郎</marc:subfield>
          </marc:datafield>
          <marc:datafield tag="505" ind1="0" ind2="0">
            <marc:subfield code="t">第2冊. 希臘思潮</marc:subfield>
            <marc:subfield code="r">出隆</marc:subfield>
          </marc:datafield>
          <marc:datafield tag="505" ind1="0" ind2="0">
            <marc:subfield code="t">印度思潮</marc:subfield>
            <marc:subfield code="r">宇井伯壽</marc:subfield>
          </marc:datafield>
          <marc:datafield tag="505" ind1="0" ind2="0">
            <marc:subfield code="t">現代教育思潮</marc:subfield>
            <marc:subfield code="r">長田新</marc:subfield>
          </marc:datafield>
          <marc:datafield tag="505" ind1="0" ind2="0">
            <marc:subfield code="t">孔子</marc:subfield>
            <marc:subfield code="r">藤原正</marc:subfield>
          </marc:datafield>
          <marc:datafield tag="505" ind1="0" ind2="0">
            <marc:subfield code="t">墨子</marc:subfield>
            <marc:subfield code="r">幸田露伴</marc:subfield>
          </marc:datafield>
          <marc:datafield tag="505" ind1="0" ind2="0">
            <marc:subfield code="t">プラトーン</marc:subfield>
            <marc:subfield code="r">河野與一</marc:subfield>
          </marc:datafield>
          <marc:datafield tag="505" ind1="0" ind2="0">
            <marc:subfield code="t">ヨハン・ゴットリープ・フィヒテ</marc:subfield>
            <marc:subfield code="r">桑木嚴翼</marc:subfield>
          </marc:datafield>
          <marc:datafield tag="505" ind1="0" ind2="0">
            <marc:subfield code="t">預言者の宗教運動</marc:subfield>
            <marc:subfield code="r">高倉徳太郎</marc:subfield>
          </marc:datafield>
          <marc:datafield tag="505" ind1="0" ind2="0">
            <marc:subfield code="t">囘教思想</marc:subfield>
            <marc:subfield code="r">赤松智城</marc:subfield>
          </marc:datafield>
          <marc:datafield tag="505" ind1="0" ind2="0">
            <marc:subfield code="t">第3冊. 基督教思潮</marc:subfield>
            <marc:subfield code="r">石原謙</marc:subfield>
          </marc:datafield>
          <marc:datafield tag="505" ind1="0" ind2="0">
            <marc:subfield code="t">支那思潮</marc:subfield>
            <marc:subfield code="r">津田左右吉</marc:subfield>
          </marc:datafield>
          <marc:datafield tag="505" ind1="0" ind2="0">
            <marc:subfield code="t">現代經濟思潮</marc:subfield>
            <marc:subfield code="r">小泉信三</marc:subfield>
          </marc:datafield>
          <marc:datafield tag="505" ind1="0" ind2="0">
            <marc:subfield code="t">アリストテレス</marc:subfield>
            <marc:subfield code="r">三木清</marc:subfield>
          </marc:datafield>
          <marc:datafield tag="505" ind1="0" ind2="0">
            <marc:subfield code="t">龍樹</marc:subfield>
            <marc:subfield code="r">宇井伯壽</marc:subfield>
          </marc:datafield>
          <marc:datafield tag="505" ind1="0" ind2="0">
            <marc:subfield code="t">アダム・スミス</marc:subfield>
            <marc:subfield code="r">舞出長五郎</marc:subfield>
          </marc:datafield>
          <marc:datafield tag="505" ind1="0" ind2="0">
            <marc:subfield code="t">ペスタロッチー</marc:subfield>
            <marc:subfield code="r">長田新</marc:subfield>
          </marc:datafield>
          <marc:datafield tag="505" ind1="0" ind2="0">
            <marc:subfield code="t">ヘーゲル</marc:subfield>
            <marc:subfield code="r">小山鞆繪</marc:subfield>
          </marc:datafield>
          <marc:datafield tag="505" ind1="0" ind2="0">
            <marc:subfield code="t">ギリシャ啓蒙運動</marc:subfield>
            <marc:subfield code="r">野上豐一郎</marc:subfield>
          </marc:datafield>
          <marc:datafield tag="505" ind1="0" ind2="0">
            <marc:subfield code="t">羅馬精神</marc:subfield>
            <marc:subfield code="r">木村龜二</marc:subfield>
          </marc:datafield>
          <marc:datafield tag="505" ind1="0" ind2="0">
            <marc:subfield code="t">第4冊. 中世思潮</marc:subfield>
            <marc:subfield code="r">岩下壯一</marc:subfield>
          </marc:datafield>
          <marc:datafield tag="505" ind1="0" ind2="0">
            <marc:subfield code="t">儒教思潮</marc:subfield>
            <marc:subfield code="r">武内義雄</marc:subfield>
          </marc:datafield>
          <marc:datafield tag="505" ind1="0" ind2="0">
            <marc:subfield code="t">現代法律思潮</marc:subfield>
            <marc:subfield code="r">田中耕太郎</marc:subfield>
          </marc:datafield>
          <marc:datafield tag="505" ind1="0" ind2="0">
            <marc:subfield code="t">ダビデ</marc:subfield>
            <marc:subfield code="r">藤井武</marc:subfield>
          </marc:datafield>
          <marc:datafield tag="505" ind1="0" ind2="0">
            <marc:subfield code="t">老子</marc:subfield>
            <marc:subfield code="r">武内義雄</marc:subfield>
          </marc:datafield>
          <marc:datafield tag="505" ind1="0" ind2="0">
            <marc:subfield code="t">イエス</marc:subfield>
            <marc:subfield code="r">山谷省吾</marc:subfield>
          </marc:datafield>
          <marc:datafield tag="505" ind1="0" ind2="0">
            <marc:subfield code="t">世親</marc:subfield>
            <marc:subfield code="r">宇井伯壽</marc:subfield>
          </marc:datafield>
          <marc:datafield tag="505" ind1="0" ind2="0">
            <marc:subfield code="t">イェーリング</marc:subfield>
            <marc:subfield code="r">末川博</marc:subfield>
          </marc:datafield>
          <marc:datafield tag="505" ind1="0" ind2="0">
            <marc:subfield code="t">ルクレチウスと科學</marc:subfield>
            <marc:subfield code="r">寺田寅彦</marc:subfield>
          </marc:datafield>
          <marc:datafield tag="505" ind1="0" ind2="0">
            <marc:subfield code="t">第5冊. 日本思潮</marc:subfield>
            <marc:subfield code="r">村岡典嗣</marc:subfield>
          </marc:datafield>
          <marc:datafield tag="505" ind1="0" ind2="0">
            <marc:subfield code="t">支那社會思潮</marc:subfield>
            <marc:subfield code="r">松井等</marc:subfield>
          </marc:datafield>
          <marc:datafield tag="505" ind1="0" ind2="0">
            <marc:subfield code="t">現代政治思潮</marc:subfield>
            <marc:subfield code="r">吉野作造</marc:subfield>
          </marc:datafield>
          <marc:datafield tag="505" ind1="0" ind2="0">
            <marc:subfield code="t">荀子</marc:subfield>
            <marc:subfield code="r">本田成之</marc:subfield>
          </marc:datafield>
          <marc:datafield tag="505" ind1="0" ind2="0">
            <marc:subfield code="t">プロティノス</marc:subfield>
            <marc:subfield code="r">久松眞一</marc:subfield>
          </marc:datafield>
          <marc:datafield tag="505" ind1="0" ind2="0">
            <marc:subfield code="t">智顗</marc:subfield>
            <marc:subfield code="r">佐藤泰舜</marc:subfield>
          </marc:datafield>
          <marc:datafield tag="505" ind1="0" ind2="0">
            <marc:subfield code="t">マキャヴェリ</marc:subfield>
            <marc:subfield code="r">羽仁五郎</marc:subfield>
          </marc:datafield>
          <marc:datafield tag="505" ind1="0" ind2="0">
            <marc:subfield code="t">シェイクスピア</marc:subfield>
            <marc:subfield code="r">土居光知</marc:subfield>
          </marc:datafield>
          <marc:datafield tag="505" ind1="0" ind2="0">
            <marc:subfield code="t">グローチウス</marc:subfield>
            <marc:subfield code="r">田中耕太郎</marc:subfield>
          </marc:datafield>
          <marc:datafield tag="505" ind1="0" ind2="0">
            <marc:subfield code="t">波斯教思想</marc:subfield>
            <marc:subfield code="r">松本重彦</marc:subfield>
          </marc:datafield>
          <marc:datafield tag="505" ind1="0" ind2="0">
            <marc:subfield code="t">アウグスチヌスの自覺</marc:subfield>
            <marc:subfield code="r">西田幾多郎</marc:subfield>
          </marc:datafield>
          <marc:datafield tag="505" ind1="0" ind2="0">
            <marc:subfield code="t">獨逸神秘主義</marc:subfield>
            <marc:subfield code="r">石原謙</marc:subfield>
          </marc:datafield>
          <marc:datafield tag="505" ind1="0" ind2="0">
            <marc:subfield code="t">第6冊. 佛教思潮</marc:subfield>
            <marc:subfield code="r">椎尾辨匡</marc:subfield>
          </marc:datafield>
          <marc:datafield tag="505" ind1="0" ind2="0">
            <marc:subfield code="t">支那文藝思潮</marc:subfield>
            <marc:subfield code="r">青木正兒</marc:subfield>
          </marc:datafield>
          <marc:datafield tag="505" ind1="0" ind2="0">
            <marc:subfield code="t">現代自然科學思潮</marc:subfield>
            <marc:subfield code="r">阿部良夫</marc:subfield>
          </marc:datafield>
          <marc:datafield tag="505" ind1="0" ind2="0">
            <marc:subfield code="t">孟子</marc:subfield>
            <marc:subfield code="r">武内義雄</marc:subfield>
          </marc:datafield>
          <marc:datafield tag="505" ind1="0" ind2="0">
            <marc:subfield code="t">パウロ</marc:subfield>
            <marc:subfield code="r">波多野精一</marc:subfield>
          </marc:datafield>
          <marc:datafield tag="505" ind1="0" ind2="0">
            <marc:subfield code="t">法藏</marc:subfield>
            <marc:subfield code="r">佐藤泰舜</marc:subfield>
          </marc:datafield>
          <marc:datafield tag="505" ind1="0" ind2="0">
            <marc:subfield code="t">中江藤樹</marc:subfield>
            <marc:subfield code="r">西晉一郎</marc:subfield>
          </marc:datafield>
          <marc:datafield tag="505" ind1="0" ind2="0">
            <marc:subfield code="t">ダーウヰン及びウォーレス</marc:subfield>
            <marc:subfield code="r">小泉丹</marc:subfield>
          </marc:datafield>
          <marc:datafield tag="505" ind1="0" ind2="0">
            <marc:subfield code="t">「ところ」によって異なる藝術の特殊性</marc:subfield>
            <marc:subfield code="r">和辻哲郎</marc:subfield>
          </marc:datafield>
          <marc:datafield tag="505" ind1="0" ind2="0">
            <marc:subfield code="t">無政府主義</marc:subfield>
            <marc:subfield code="r">森戸辰男</marc:subfield>
          </marc:datafield>
          <marc:datafield tag="505" ind1="0" ind2="0">
            <marc:subfield code="g">第7冊</marc:subfield>
            <marc:subfield code="t">浪漫主義</marc:subfield>
            <marc:subfield code="r">谷川徹三</marc:subfield>
          </marc:datafield>
          <marc:datafield tag="505" ind1="0" ind2="0">
            <marc:subfield code="t">印度佛教思潮(4)</marc:subfield>
            <marc:subfield code="r">木村泰賢</marc:subfield>
          </marc:datafield>
          <marc:datafield tag="505" ind1="0" ind2="0">
            <marc:subfield code="t">アウグスティーヌス</marc:subfield>
            <marc:subfield code="r">河野與一</marc:subfield>
          </marc:datafield>
          <marc:datafield tag="505" ind1="0" ind2="0">
            <marc:subfield code="t">最澄</marc:subfield>
            <marc:subfield code="r">花山信勝</marc:subfield>
          </marc:datafield>
          <marc:datafield tag="505" ind1="0" ind2="0">
            <marc:subfield code="t">ルーテル</marc:subfield>
            <marc:subfield code="r">藤井武</marc:subfield>
          </marc:datafield>
          <marc:datafield tag="505" ind1="0" ind2="0">
            <marc:subfield code="t">ゲーテ</marc:subfield>
            <marc:subfield code="r">阿部次郎</marc:subfield>
          </marc:datafield>
          <marc:datafield tag="505" ind1="0" ind2="0">
            <marc:subfield code="t">シュライエルマッヘル</marc:subfield>
            <marc:subfield code="r">石原謙</marc:subfield>
          </marc:datafield>
          <marc:datafield tag="505" ind1="0" ind2="0">
            <marc:subfield code="t">基督教經濟思想</marc:subfield>
            <marc:subfield code="r">高橋誠一郎</marc:subfield>
          </marc:datafield>
          <marc:datafield tag="505" ind1="0" ind2="0">
            <marc:subfield code="t">近世進化思想</marc:subfield>
            <marc:subfield code="r">小泉丹</marc:subfield>
          </marc:datafield>
          <marc:datafield tag="505" ind1="0" ind2="0">
            <marc:subfield code="t">第8冊. 日本佛教思潮</marc:subfield>
            <marc:subfield code="r">境野黄洋</marc:subfield>
          </marc:datafield>
          <marc:datafield tag="505" ind1="0" ind2="0">
            <marc:subfield code="t">現代文藝思潮</marc:subfield>
            <marc:subfield code="r">茅野蕭々</marc:subfield>
          </marc:datafield>
          <marc:datafield tag="505" ind1="0" ind2="0">
            <marc:subfield code="t">法然</marc:subfield>
            <marc:subfield code="r">矢吹慶輝</marc:subfield>
          </marc:datafield>
          <marc:datafield tag="505" ind1="0" ind2="0">
            <marc:subfield code="t">榮西と道元</marc:subfield>
            <marc:subfield code="r">衛藤即應</marc:subfield>
          </marc:datafield>
          <marc:datafield tag="505" ind1="0" ind2="0">
            <marc:subfield code="t">レオナルド ダ ヴィンチ</marc:subfield>
            <marc:subfield code="r">児島喜久雄</marc:subfield>
          </marc:datafield>
          <marc:datafield tag="505" ind1="0" ind2="0">
            <marc:subfield code="t">ケプレル</marc:subfield>
            <marc:subfield code="r">石原純</marc:subfield>
          </marc:datafield>
          <marc:datafield tag="505" ind1="0" ind2="0">
            <marc:subfield code="t">新井白石</marc:subfield>
            <marc:subfield code="r">羽仁五郎</marc:subfield>
          </marc:datafield>
          <marc:datafield tag="505" ind1="0" ind2="0">
            <marc:subfield code="t">トルストイ</marc:subfield>
            <marc:subfield code="r">米川正夫</marc:subfield>
          </marc:datafield>
          <marc:datafield tag="505" ind1="0" ind2="0">
            <marc:subfield code="t">西洋美術に於ける東洋的要素</marc:subfield>
            <marc:subfield code="r">矢代幸雄</marc:subfield>
          </marc:datafield>
          <marc:datafield tag="505" ind1="0" ind2="0">
            <marc:subfield code="t">日本人道主義</marc:subfield>
            <marc:subfield code="r">竹岡勝也</marc:subfield>
          </marc:datafield>
          <marc:datafield tag="505" ind1="0" ind2="0">
            <marc:subfield code="t">第11冊. 世界思潮</marc:subfield>
            <marc:subfield code="r">阿部次郎</marc:subfield>
          </marc:datafield>
          <marc:datafield tag="505" ind1="0" ind2="0">
            <marc:subfield code="t">日本社會思潮</marc:subfield>
            <marc:subfield code="r">西田直二郎</marc:subfield>
          </marc:datafield>
          <marc:datafield tag="505" ind1="0" ind2="0">
            <marc:subfield code="t">現代美術思潮</marc:subfield>
            <marc:subfield code="r">児島喜久雄</marc:subfield>
          </marc:datafield>
          <marc:datafield tag="505" ind1="0" ind2="0">
            <marc:subfield code="t">王陽明</marc:subfield>
            <marc:subfield code="r">三宅雪嶺</marc:subfield>
          </marc:datafield>
          <marc:datafield tag="505" ind1="0" ind2="0">
            <marc:subfield code="t">デカルト</marc:subfield>
            <marc:subfield code="r">河野與一</marc:subfield>
          </marc:datafield>
          <marc:datafield tag="505" ind1="0" ind2="0">
            <marc:subfield code="t">スピノザ</marc:subfield>
            <marc:subfield code="r">安倍能成</marc:subfield>
          </marc:datafield>
          <marc:datafield tag="505" ind1="0" ind2="0">
            <marc:subfield code="t">荻生徂徠</marc:subfield>
            <marc:subfield code="r">川上多助</marc:subfield>
          </marc:datafield>
          <marc:datafield tag="505" ind1="0" ind2="0">
            <marc:subfield code="t">モンテスキ ュー</marc:subfield>
            <marc:subfield code="r">宮澤俊義</marc:subfield>
          </marc:datafield>
          <marc:datafield tag="505" ind1="0" ind2="0">
            <marc:subfield code="t">安藤昌益</marc:subfield>
            <marc:subfield code="r">狩野亨吉</marc:subfield>
          </marc:datafield>
          <marc:datafield tag="505" ind1="0" ind2="0">
            <marc:subfield code="t">コント</marc:subfield>
            <marc:subfield code="r">松本潤一郎</marc:subfield>
          </marc:datafield>
          <marc:datafield tag="505" ind1="0" ind2="0">
            <marc:subfield code="t">福澤諭吉</marc:subfield>
            <marc:subfield code="r">田中王堂</marc:subfield>
          </marc:datafield>
          <marc:datafield tag="505" ind1="0" ind2="0">
            <marc:subfield code="t">近代美術史に於ける「レネサンス」の概念</marc:subfield>
            <marc:subfield code="r">児島喜久雄</marc:subfield>
          </marc:datafield>
          <marc:datafield tag="505" ind1="0" ind2="0">
            <marc:subfield code="t">佛蘭西哲學思想の一節</marc:subfield>
            <marc:subfield code="r">山内得立</marc:subfield>
          </marc:datafield>
          <marc:datafield tag="505" ind1="0" ind2="0">
            <marc:subfield code="t">社會學に於ける平等思想</marc:subfield>
            <marc:subfield code="r">高田保馬</marc:subfield>
          </marc:datafield>
          <marc:datafield tag="505" ind1="0" ind2="0">
            <marc:subfield code="t">日本キリシタンの運動</marc:subfield>
            <marc:subfield code="r">太田正雄</marc:subfield>
          </marc:datafield>
          <marc:datafield tag="505" ind1="0" ind2="0">
            <marc:subfield code="t">日本精神</marc:subfield>
            <marc:subfield code="r">紀平正美</marc:subfield>
          </marc:datafield>
          <marc:datafield tag="505" ind1="0" ind2="0">
            <marc:subfield code="t">現代印度思想運動</marc:subfield>
            <marc:subfield code="r">大川周明</marc:subfield>
          </marc:datafield>
          <marc:datafield tag="505" ind1="0" ind2="0">
            <marc:subfield code="t">第12冊. 啓蒙思潮</marc:subfield>
            <marc:subfield code="r">矢崎美盛</marc:subfield>
          </marc:datafield>
          <marc:datafield tag="505" ind1="0" ind2="0">
            <marc:subfield code="t">支那佛教思潮</marc:subfield>
            <marc:subfield code="r">境野黄洋</marc:subfield>
          </marc:datafield>
          <marc:datafield tag="505" ind1="0" ind2="0">
            <marc:subfield code="t">現代哲學思潮</marc:subfield>
            <marc:subfield code="r">編輯部稿</marc:subfield>
          </marc:datafield>
          <marc:datafield tag="505" ind1="0" ind2="0">
            <marc:subfield code="t">莊子</marc:subfield>
            <marc:subfield code="r">武内義雄</marc:subfield>
          </marc:datafield>
          <marc:datafield tag="505" ind1="0" ind2="0">
            <marc:subfield code="t">空海</marc:subfield>
            <marc:subfield code="r">花山信勝</marc:subfield>
          </marc:datafield>
          <marc:datafield tag="505" ind1="0" ind2="0">
            <marc:subfield code="t">朱子</marc:subfield>
            <marc:subfield code="r">本田成久</marc:subfield>
          </marc:datafield>
          <marc:datafield tag="505" ind1="0" ind2="0">
            <marc:subfield code="t">カルヴィン</marc:subfield>
            <marc:subfield code="r">高倉徳太郎</marc:subfield>
          </marc:datafield>
          <marc:datafield tag="505" ind1="0" ind2="0">
            <marc:subfield code="t">フランシス・ベイコン</marc:subfield>
            <marc:subfield code="r">朝永三十郎</marc:subfield>
          </marc:datafield>
          <marc:datafield tag="505" ind1="0" ind2="0">
            <marc:subfield code="t">ガリレオ・ガリレイ</marc:subfield>
            <marc:subfield code="r">石原純</marc:subfield>
          </marc:datafield>
          <marc:datafield tag="505" ind1="0" ind2="0">
            <marc:subfield code="t">ポール=ロワイヤル運動</marc:subfield>
            <marc:subfield code="r">落合太郎</marc:subfield>
          </marc:datafield>
          <marc:datafield tag="740" ind1="0" ind2=" ">
            <marc:subfield code="a">世界思潮</marc:subfield>
          </marc:datafield>
          <marc:datafield tag="852" ind1=" " ind2=" ">
            <marc:subfield code="a">九大(FA003454)</marc:subfield>
            <marc:subfield code="k">100/セ/1</marc:subfield>
            <marc:subfield code="m">OTHER</marc:subfield>
            <marc:subfield code="b">Central</marc:subfield>
            <marc:subfield code="c">***遡及</marc:subfield>
            <marc:subfield code="x">Library</marc:subfield>
            <marc:subfield code="j">中図 保存書庫</marc:subfield>
            <marc:subfield code="g">CENTRAL LIBRARY Deposit Stack</marc:subfield>
            <marc:subfield code="p">003131996145118</marc:subfield>
            <marc:subfield code="8">第12冊</marc:subfield>
            <marc:subfield code="6">1998-06-18</marc:subfield>
            <marc:subfield code="i">OA153000</marc:subfield>
          </marc:datafield>
          <marc:datafield tag="852" ind1=" " ind2=" ">
            <marc:subfield code="a">九大(FA003454)</marc:subfield>
            <marc:subfield code="k">100/セ/1</marc:subfield>
            <marc:subfield code="m">OTHER</marc:subfield>
            <marc:subfield code="b">Central</marc:subfield>
            <marc:subfield code="c">***遡及</marc:subfield>
            <marc:subfield code="x">Library</marc:subfield>
            <marc:subfield code="j">中図 保存書庫</marc:subfield>
            <marc:subfield code="g">CENTRAL LIBRARY Deposit Stack</marc:subfield>
            <marc:subfield code="p">003131998018288</marc:subfield>
            <marc:subfield code="8">第1冊</marc:subfield>
            <marc:subfield code="6">1998-06-18</marc:subfield>
            <marc:subfield code="i">OA153000</marc:subfield>
          </marc:datafield>
          <marc:datafield tag="852" ind1=" " ind2=" ">
            <marc:subfield code="a">九大(FA003454)</marc:subfield>
            <marc:subfield code="k">100/セ/1</marc:subfield>
            <marc:subfield code="m">OTHER</marc:subfield>
            <marc:subfield code="b">Central</marc:subfield>
            <marc:subfield code="c">***遡及</marc:subfield>
            <marc:subfield code="x">Library</marc:subfield>
            <marc:subfield code="j">中図 保存書庫</marc:subfield>
            <marc:subfield code="g">CENTRAL LIBRARY Deposit Stack</marc:subfield>
            <marc:subfield code="p">003131998018291</marc:subfield>
            <marc:subfield code="8">第2冊</marc:subfield>
            <marc:subfield code="6">1998-06-18</marc:subfield>
            <marc:subfield code="i">OA153000</marc:subfield>
          </marc:datafield>
          <marc:datafield tag="852" ind1=" " ind2=" ">
            <marc:subfield code="a">九大(FA003454)</marc:subfield>
            <marc:subfield code="k">100/セ/1</marc:subfield>
            <marc:subfield code="m">OTHER</marc:subfield>
            <marc:subfield code="b">Central</marc:subfield>
            <marc:subfield code="c">***遡及</marc:subfield>
            <marc:subfield code="x">Library</marc:subfield>
            <marc:subfield code="j">中図 保存書庫</marc:subfield>
            <marc:subfield code="g">CENTRAL LIBRARY Deposit Stack</marc:subfield>
            <marc:subfield code="p">003131998018302</marc:subfield>
            <marc:subfield code="8">第3冊</marc:subfield>
            <marc:subfield code="6">1998-06-18</marc:subfield>
            <marc:subfield code="i">OA153000</marc:subfield>
          </marc:datafield>
          <marc:datafield tag="852" ind1=" " ind2=" ">
            <marc:subfield code="a">九大(FA003454)</marc:subfield>
            <marc:subfield code="k">100/セ/1</marc:subfield>
            <marc:subfield code="m">OTHER</marc:subfield>
            <marc:subfield code="b">Central</marc:subfield>
            <marc:subfield code="c">***遡及</marc:subfield>
            <marc:subfield code="x">Library</marc:subfield>
            <marc:subfield code="j">中図 保存書庫</marc:subfield>
            <marc:subfield code="g">CENTRAL LIBRARY Deposit Stack</marc:subfield>
            <marc:subfield code="p">003131998018314</marc:subfield>
            <marc:subfield code="8">第5冊</marc:subfield>
            <marc:subfield code="6">1998-06-18</marc:subfield>
            <marc:subfield code="i">OA153000</marc:subfield>
          </marc:datafield>
          <marc:datafield tag="852" ind1=" " ind2=" ">
            <marc:subfield code="a">九大(FA003454)</marc:subfield>
            <marc:subfield code="k">100/セ/1</marc:subfield>
            <marc:subfield code="m">OTHER</marc:subfield>
            <marc:subfield code="b">Central</marc:subfield>
            <marc:subfield code="c">***遡及</marc:subfield>
            <marc:subfield code="x">Library</marc:subfield>
            <marc:subfield code="j">中図 保存書庫</marc:subfield>
            <marc:subfield code="g">CENTRAL LIBRARY Deposit Stack</marc:subfield>
            <marc:subfield code="p">003131998018326</marc:subfield>
            <marc:subfield code="8">第6冊</marc:subfield>
            <marc:subfield code="6">1998-06-18</marc:subfield>
            <marc:subfield code="i">OA153000</marc:subfield>
          </marc:datafield>
          <marc:datafield tag="852" ind1=" " ind2=" ">
            <marc:subfield code="a">九大(FA003454)</marc:subfield>
            <marc:subfield code="k">100/セ/1</marc:subfield>
            <marc:subfield code="m">OTHER</marc:subfield>
            <marc:subfield code="b">Central</marc:subfield>
            <marc:subfield code="c">***遡及</marc:subfield>
            <marc:subfield code="x">Library</marc:subfield>
            <marc:subfield code="j">中図 保存書庫</marc:subfield>
            <marc:subfield code="g">CENTRAL LIBRARY Deposit Stack</marc:subfield>
            <marc:subfield code="p">003131998018338</marc:subfield>
            <marc:subfield code="8">第7冊</marc:subfield>
            <marc:subfield code="6">1998-06-18</marc:subfield>
            <marc:subfield code="i">OA153000</marc:subfield>
          </marc:datafield>
          <marc:datafield tag="852" ind1=" " ind2=" ">
            <marc:subfield code="a">九大(FA003454)</marc:subfield>
            <marc:subfield code="k">100/セ/1</marc:subfield>
            <marc:subfield code="m">OTHER</marc:subfield>
            <marc:subfield code="b">Central</marc:subfield>
            <marc:subfield code="c">***遡及</marc:subfield>
            <marc:subfield code="x">Library</marc:subfield>
            <marc:subfield code="j">中図 保存書庫</marc:subfield>
            <marc:subfield code="g">CENTRAL LIBRARY Deposit Stack</marc:subfield>
            <marc:subfield code="p">003131998018341</marc:subfield>
            <marc:subfield code="8">第9冊</marc:subfield>
            <marc:subfield code="6">1998-06-18</marc:subfield>
            <marc:subfield code="i">OA153000</marc:subfield>
          </marc:datafield>
          <marc:datafield tag="852" ind1=" " ind2=" ">
            <marc:subfield code="a">九大(FA003454)</marc:subfield>
            <marc:subfield code="k">100/セ/1</marc:subfield>
            <marc:subfield code="m">OTHER</marc:subfield>
            <marc:subfield code="b">Central</marc:subfield>
            <marc:subfield code="c">***遡及</marc:subfield>
            <marc:subfield code="x">Library</marc:subfield>
            <marc:subfield code="j">中図 保存書庫</marc:subfield>
            <marc:subfield code="g">CENTRAL LIBRARY Deposit Stack</marc:subfield>
            <marc:subfield code="p">003131998018353</marc:subfield>
            <marc:subfield code="8">第10冊</marc:subfield>
            <marc:subfield code="6">1998-06-18</marc:subfield>
            <marc:subfield code="i">OA153000</marc:subfield>
          </marc:datafield>
          <marc:datafield tag="852" ind1=" " ind2=" ">
            <marc:subfield code="a">九大(FA003454)</marc:subfield>
            <marc:subfield code="k">100/セ/1</marc:subfield>
            <marc:subfield code="m">OTHER</marc:subfield>
            <marc:subfield code="b">Central</marc:subfield>
            <marc:subfield code="c">***遡及</marc:subfield>
            <marc:subfield code="x">Library</marc:subfield>
            <marc:subfield code="j">中図 保存書庫</marc:subfield>
            <marc:subfield code="g">CENTRAL LIBRARY Deposit Stack</marc:subfield>
            <marc:subfield code="p">003131998018365</marc:subfield>
            <marc:subfield code="8">第11冊</marc:subfield>
            <marc:subfield code="6">1998-06-18</marc:subfield>
            <marc:subfield code="i">OA153000</marc:subfield>
          </marc:datafield>
          <marc:datafield tag="852" ind1=" " ind2=" ">
            <marc:subfield code="a">九大(FA003454)</marc:subfield>
            <marc:subfield code="k">100/セ/1</marc:subfield>
            <marc:subfield code="m">OTHER</marc:subfield>
            <marc:subfield code="b">Central</marc:subfield>
            <marc:subfield code="c">***遡及</marc:subfield>
            <marc:subfield code="x">Library</marc:subfield>
            <marc:subfield code="j">中図 保存書庫</marc:subfield>
            <marc:subfield code="g">CENTRAL LIBRARY Deposit Stack</marc:subfield>
            <marc:subfield code="p">068031480999684</marc:subfield>
            <marc:subfield code="8">第8冊</marc:subfield>
            <marc:subfield code="6">1998-06-18</marc:subfield>
            <marc:subfield code="i">OA153000</marc:subfield>
          </marc:datafield>
          <marc:datafield tag="852" ind1=" " ind2=" ">
            <marc:subfield code="a">九大(FA003454)</marc:subfield>
            <marc:subfield code="k">100/セ/1</marc:subfield>
            <marc:subfield code="m">OTHER</marc:subfield>
            <marc:subfield code="b">Central</marc:subfield>
            <marc:subfield code="c">***遡及</marc:subfield>
            <marc:subfield code="x">Library</marc:subfield>
            <marc:subfield code="j">中図 保存書庫</marc:subfield>
            <marc:subfield code="g">CENTRAL LIBRARY Deposit Stack</marc:subfield>
            <marc:subfield code="p">068031480999746</marc:subfield>
            <marc:subfield code="8">第4冊</marc:subfield>
            <marc:subfield code="6">1998-06-18</marc:subfield>
            <marc:subfield code="i">OA153000</marc:subfield>
          </marc:datafield>
          <marc:datafield tag="852" ind1=" " ind2=" ">
            <marc:subfield code="a">九大理系(FA02289X)</marc:subfield>
            <marc:subfield code="k">108/Se 221/2(1)</marc:subfield>
            <marc:subfield code="m">NDC</marc:subfield>
            <marc:subfield code="b">Ito</marc:subfield>
            <marc:subfield code="c">***遡及1 備品No.9152</marc:subfield>
            <marc:subfield code="x">Library</marc:subfield>
            <marc:subfield code="j">伊都中央 BF開架</marc:subfield>
            <marc:subfield code="g">ItoChuo BF Open Stacks</marc:subfield>
            <marc:subfield code="p">068581480502751</marc:subfield>
            <marc:subfield code="8">第1冊</marc:subfield>
            <marc:subfield code="6">1998-12-22</marc:subfield>
            <marc:subfield code="i">OQ995000</marc:subfield>
          </marc:datafield>
          <marc:datafield tag="852" ind1=" " ind2=" ">
            <marc:subfield code="a">九大理系(FA02289X)</marc:subfield>
            <marc:subfield code="k">108/Se 221/2(2)</marc:subfield>
            <marc:subfield code="m">NDC</marc:subfield>
            <marc:subfield code="b">Ito</marc:subfield>
            <marc:subfield code="c">***遡及1 備品No.9152</marc:subfield>
            <marc:subfield code="x">Library</marc:subfield>
            <marc:subfield code="j">伊都中央 BF開架</marc:subfield>
            <marc:subfield code="g">ItoChuo BF Open Stacks</marc:subfield>
            <marc:subfield code="p">068581480502763</marc:subfield>
            <marc:subfield code="8">第2冊</marc:subfield>
            <marc:subfield code="6">1998-12-22</marc:subfield>
            <marc:subfield code="i">OQ995000</marc:subfield>
          </marc:datafield>
          <marc:datafield tag="852" ind1=" " ind2=" ">
            <marc:subfield code="a">九大理系(FA02289X)</marc:subfield>
            <marc:subfield code="k">108/Se 221/2(3)</marc:subfield>
            <marc:subfield code="m">NDC</marc:subfield>
            <marc:subfield code="b">Ito</marc:subfield>
            <marc:subfield code="c">***遡及1 備品No.9152</marc:subfield>
            <marc:subfield code="x">Library</marc:subfield>
            <marc:subfield code="j">伊都中央 BF開架</marc:subfield>
            <marc:subfield code="g">ItoChuo BF Open Stacks</marc:subfield>
            <marc:subfield code="p">068581480502775</marc:subfield>
            <marc:subfield code="8">第3冊</marc:subfield>
            <marc:subfield code="6">1998-12-22</marc:subfield>
            <marc:subfield code="i">OQ995000</marc:subfield>
          </marc:datafield>
          <marc:datafield tag="852" ind1=" " ind2=" ">
            <marc:subfield code="a">九大理系(FA02289X)</marc:subfield>
            <marc:subfield code="k">108/Se 221/2(4)</marc:subfield>
            <marc:subfield code="m">NDC</marc:subfield>
            <marc:subfield code="b">Ito</marc:subfield>
            <marc:subfield code="c">***遡及1 備品No.9152</marc:subfield>
            <marc:subfield code="x">Library</marc:subfield>
            <marc:subfield code="j">伊都中央 BF開架</marc:subfield>
            <marc:subfield code="g">ItoChuo BF Open Stacks</marc:subfield>
            <marc:subfield code="p">068581480502787</marc:subfield>
            <marc:subfield code="8">第4冊</marc:subfield>
            <marc:subfield code="6">1998-12-22</marc:subfield>
            <marc:subfield code="i">OQ995000</marc:subfield>
          </marc:datafield>
          <marc:datafield tag="852" ind1=" " ind2=" ">
            <marc:subfield code="a">九大理系(FA02289X)</marc:subfield>
            <marc:subfield code="k">108/Se 221/2(5)</marc:subfield>
            <marc:subfield code="m">NDC</marc:subfield>
            <marc:subfield code="b">Ito</marc:subfield>
            <marc:subfield code="c">***遡及1 備品No.9152</marc:subfield>
            <marc:subfield code="x">Library</marc:subfield>
            <marc:subfield code="j">伊都中央 BF開架</marc:subfield>
            <marc:subfield code="g">ItoChuo BF Open Stacks</marc:subfield>
            <marc:subfield code="p">068581480502790</marc:subfield>
            <marc:subfield code="8">第5冊</marc:subfield>
            <marc:subfield code="6">1998-12-22</marc:subfield>
            <marc:subfield code="i">OQ995000</marc:subfield>
          </marc:datafield>
          <marc:datafield tag="852" ind1=" " ind2=" ">
            <marc:subfield code="a">九大理系(FA02289X)</marc:subfield>
            <marc:subfield code="k">108/Se 221/2(6)</marc:subfield>
            <marc:subfield code="m">NDC</marc:subfield>
            <marc:subfield code="b">Ito</marc:subfield>
            <marc:subfield code="c">***遡及1 備品No.9152</marc:subfield>
            <marc:subfield code="x">Library</marc:subfield>
            <marc:subfield code="j">伊都中央 BF開架</marc:subfield>
            <marc:subfield code="g">ItoChuo BF Open Stacks</marc:subfield>
            <marc:subfield code="p">068581480502801</marc:subfield>
            <marc:subfield code="8">第6冊</marc:subfield>
            <marc:subfield code="6">1998-12-22</marc:subfield>
            <marc:subfield code="i">OQ995000</marc:subfield>
          </marc:datafield>
          <marc:datafield tag="852" ind1=" " ind2=" ">
            <marc:subfield code="a">九大理系(FA02289X)</marc:subfield>
            <marc:subfield code="k">108/Se 221/2(7)</marc:subfield>
            <marc:subfield code="m">NDC</marc:subfield>
            <marc:subfield code="b">Ito</marc:subfield>
            <marc:subfield code="c">***遡及1 備品No.9152</marc:subfield>
            <marc:subfield code="x">Library</marc:subfield>
            <marc:subfield code="j">伊都中央 BF開架</marc:subfield>
            <marc:subfield code="g">ItoChuo BF Open Stacks</marc:subfield>
            <marc:subfield code="p">068581480502813</marc:subfield>
            <marc:subfield code="8">第7冊</marc:subfield>
            <marc:subfield code="6">1998-12-22</marc:subfield>
            <marc:subfield code="i">OQ995000</marc:subfield>
          </marc:datafield>
          <marc:datafield tag="852" ind1=" " ind2=" ">
            <marc:subfield code="a">九大理系(FA02289X)</marc:subfield>
            <marc:subfield code="k">108/Se 221/2(8)</marc:subfield>
            <marc:subfield code="m">NDC</marc:subfield>
            <marc:subfield code="b">Ito</marc:subfield>
            <marc:subfield code="c">***遡及1 備品No.9152</marc:subfield>
            <marc:subfield code="x">Library</marc:subfield>
            <marc:subfield code="j">伊都中央 BF開架</marc:subfield>
            <marc:subfield code="g">ItoChuo BF Open Stacks</marc:subfield>
            <marc:subfield code="p">068581480502825</marc:subfield>
            <marc:subfield code="8">第8冊</marc:subfield>
            <marc:subfield code="6">1998-12-22</marc:subfield>
            <marc:subfield code="i">OQ995000</marc:subfield>
          </marc:datafield>
          <marc:datafield tag="852" ind1=" " ind2=" ">
            <marc:subfield code="a">九大理系(FA02289X)</marc:subfield>
            <marc:subfield code="k">108/Se 221/2(9)</marc:subfield>
            <marc:subfield code="m">NDC</marc:subfield>
            <marc:subfield code="b">Ito</marc:subfield>
            <marc:subfield code="c">***遡及1 備品No.9152</marc:subfield>
            <marc:subfield code="x">Library</marc:subfield>
            <marc:subfield code="j">伊都中央 BF開架</marc:subfield>
            <marc:subfield code="g">ItoChuo BF Open Stacks</marc:subfield>
            <marc:subfield code="p">068581480502837</marc:subfield>
            <marc:subfield code="8">第9冊</marc:subfield>
            <marc:subfield code="6">1998-12-22</marc:subfield>
            <marc:subfield code="i">OQ995000</marc:subfield>
          </marc:datafield>
          <marc:datafield tag="852" ind1=" " ind2=" ">
            <marc:subfield code="a">九大理系(FA02289X)</marc:subfield>
            <marc:subfield code="k">108/Se 221/2(10)</marc:subfield>
            <marc:subfield code="m">NDC</marc:subfield>
            <marc:subfield code="b">Ito</marc:subfield>
            <marc:subfield code="c">***遡及1 備品No.9152</marc:subfield>
            <marc:subfield code="x">Library</marc:subfield>
            <marc:subfield code="j">伊都中央 BF開架</marc:subfield>
            <marc:subfield code="g">ItoChuo BF Open Stacks</marc:subfield>
            <marc:subfield code="p">068581480502840</marc:subfield>
            <marc:subfield code="8">第10冊</marc:subfield>
            <marc:subfield code="6">1998-12-22</marc:subfield>
            <marc:subfield code="i">OQ995000</marc:subfield>
          </marc:datafield>
          <marc:datafield tag="852" ind1=" " ind2=" ">
            <marc:subfield code="a">九大理系(FA02289X)</marc:subfield>
            <marc:subfield code="k">108/Se 221/2(11)</marc:subfield>
            <marc:subfield code="m">NDC</marc:subfield>
            <marc:subfield code="b">Ito</marc:subfield>
            <marc:subfield code="c">***遡及1 備品No.9152</marc:subfield>
            <marc:subfield code="x">Library</marc:subfield>
            <marc:subfield code="j">伊都中央 BF開架</marc:subfield>
            <marc:subfield code="g">ItoChuo BF Open Stacks</marc:subfield>
            <marc:subfield code="p">068581480502852</marc:subfield>
            <marc:subfield code="8">第11冊</marc:subfield>
            <marc:subfield code="6">1998-12-22</marc:subfield>
            <marc:subfield code="i">OQ995000</marc:subfield>
          </marc:datafield>
          <marc:datafield tag="880" ind1="1" ind2=" ">
            <marc:subfield code="6">100-01/$1</marc:subfield>
            <marc:subfield code="a">イワナミ ショテン</marc:subfield>
          </marc:datafield>
          <marc:datafield tag="880" ind1="1" ind2="0">
            <marc:subfield code="6">245-02/$1</marc:subfield>
            <marc:subfield code="a">セカイ シチョウ</marc:subfield>
          </marc:datafield>
          <marc:datafield tag="880" ind1="3" ind2="4">
            <marc:subfield code="6">246-03/$1</marc:subfield>
            <marc:subfield code="a">イワナミ コウザ セカイ シチョウ</marc:subfield>
          </marc:datafield>
        </marc:record>
      </metadata>
    </record>