
    <record>
      <header>
        <identifier>oai:carli.illinois.edu:CARLIVoyager2/25</identifier>
        <datestamp>2011-10-21T15:25:33Z</datestamp>
        <setSpec>bib</setSpec>
      </header>
      <metadata>
        <marc:record xmlns:marc="http://www.loc.gov/MARC21/slim" xmlns:xsi="http://www.w3.org/2001/XMLSchema-instance" xsi:schemaLocation="http://www.loc.gov/MARC21/slim http://xc.ilcso.uiuc.edu:8080/OAIToolkit2/schema/MARC21slim_custom.xsd">
          <marc:leader>01467nam a2200325zi 4500</marc:leader>
          <marc:controlfield tag="001">BA34008641</marc:controlfield>
          <marc:controlfield tag="003">NII</marc:controlfield>
          <marc:controlfield tag="005">20110909142353.0</marc:controlfield>
          <marc:controlfield tag="007">ta </marc:controlfield>
          <marc:controlfield tag="008">090911s1997    ja ||||||b||||||||||jpn|d</marc:controlfield>
          <marc:datafield tag="016" ind1="7" ind2=" ">
            <marc:subfield code="a">BA34008641</marc:subfield>
            <marc:subfield code="2">JP-ToKJK</marc:subfield>
          </marc:datafield>
          <marc:datafield tag="020" ind1=" " ind2=" ">
            <marc:subfield code="a">4657979434(新装版)</marc:subfield>
            <marc:subfield code="c">3800円+税</marc:subfield>
          </marc:datafield>
          <marc:datafield tag="040" ind1=" " ind2=" ">
            <marc:subfield code="a">NII</marc:subfield>
          </marc:datafield>
          <marc:datafield tag="041" ind1="0" ind2=" ">
            <marc:subfield code="a">jpn</marc:subfield>
          </marc:datafield>
          <marc:datafield tag="044" ind1=" " ind2=" ">
            <marc:subfield code="a">ja</marc:subfield>
            <marc:subfield code="5">NII</marc:subfield>
          </marc:datafield>
          <marc:datafield tag="084" ind1=" " ind2=" ">
            <marc:subfield code="a">192.32</marc:subfield>
            <marc:subfield code="2">NDC8</marc:subfield>
          </marc:datafield>
          <marc:datafield tag="084" ind1=" " ind2=" ">
            <marc:subfield code="a">192.32</marc:subfield>
            <marc:subfield code="2">NDC9</marc:subfield>
          </marc:datafield>
          <marc:datafield tag="100" ind1="1" ind2=" ">
            <marc:subfield code="6">880-01</marc:subfield>
            <marc:subfield code="a">霜田, 美樹雄(1920-)</marc:subfield>
            <marc:subfield code="0">(NII)DA0041555X</marc:subfield>
          </marc:datafield>
          <marc:datafield tag="245" ind1="1" ind2="0">
            <marc:subfield code="a">キリスト教は如何にしてローマに広まったか</marc:subfield>
            <marc:subfield code="c">霜田美樹雄著</marc:subfield>
            <marc:subfield code="6">880-02</marc:subfield>
          </marc:datafield>
          <marc:datafield tag="246" ind1="3" ind2="3">
            <marc:subfield code="6">880-03</marc:subfield>
            <marc:subfield code="a">キリスト教は如何にしてローマに広まったか</marc:subfield>
          </marc:datafield>
          <marc:datafield tag="260" ind1=" " ind2=" ">
            <marc:subfield code="a">東京</marc:subfield>
            <marc:subfield code="b">早稲田大学出版部</marc:subfield>
            <marc:subfield code="c">1997.12</marc:subfield>
          </marc:datafield>
          <marc:datafield tag="300" ind1=" " ind2=" ">
            <marc:subfield code="a">xix, 323, 8p</marc:subfield>
            <marc:subfield code="c">21cm</marc:subfield>
          </marc:datafield>
          <marc:datafield tag="650" ind1=" " ind2="7">
            <marc:subfield code="6">880-04</marc:subfield>
            <marc:subfield code="a">キリスト教 -- ローマ(古代)</marc:subfield>
            <marc:subfield code="2">BSH</marc:subfield>
          </marc:datafield>
          <marc:datafield tag="740" ind1="0" ind2=" ">
            <marc:subfield code="a">キリスト教は如何にしてローマに広まったか</marc:subfield>
          </marc:datafield>
          <marc:datafield tag="852" ind1=" " ind2=" ">
            <marc:subfield code="a">九大(FA003454)</marc:subfield>
            <marc:subfield code="k">Hj 00/S/18</marc:subfield>
            <marc:subfield code="m">OTHER</marc:subfield>
            <marc:subfield code="b">Humanities and Social Sciences</marc:subfield>
            <marc:subfield code="x">Library</marc:subfield>
            <marc:subfield code="j">法</marc:subfield>
            <marc:subfield code="g">LAW Library</marc:subfield>
            <marc:subfield code="p">015111998011374</marc:subfield>
            <marc:subfield code="f">4657979434</marc:subfield>
            <marc:subfield code="8">新装版</marc:subfield>
            <marc:subfield code="6">1999-02-05</marc:subfield>
            <marc:subfield code="i">CA000000</marc:subfield>
          </marc:datafield>
          <marc:datafield tag="880" ind1="1" ind2=" ">
            <marc:subfield code="6">100-01/$1</marc:subfield>
            <marc:subfield code="a">シモダ, ミキオ</marc:subfield>
          </marc:datafield>
          <marc:datafield tag="880" ind1="1" ind2="0">
            <marc:subfield code="6">245-02/$1</marc:subfield>
            <marc:subfield code="a">キリストキョウ ワ イカニ シテ ローマ ニ ヒロマッタカ</marc:subfield>
          </marc:datafield>
          <marc:datafield tag="880" ind1="3" ind2="3">
            <marc:subfield code="6">246-03/$1</marc:subfield>
            <marc:subfield code="a">キリストキョウ ワ イカニシテ ローマ ニ ヒロマッタカ</marc:subfield>
          </marc:datafield>
          <marc:datafield tag="880" ind1=" " ind2="7">
            <marc:subfield code="6">650-04/$1</marc:subfield>
            <marc:subfield code="a">キリストキョウ -- ローマ(コダイ)</marc:subfield>
          </marc:datafield>
        </marc:record>
      </metadata>
    </record>