
    <record>
      <header>
        <identifier>oai:carli.illinois.edu:CARLIVoyager2/59</identifier>
        <datestamp>2011-10-21T15:25:34Z</datestamp>
        <setSpec>bib</setSpec>
      </header>
      <metadata>
        <marc:record xmlns:marc="http://www.loc.gov/MARC21/slim" xmlns:xsi="http://www.w3.org/2001/XMLSchema-instance" xsi:schemaLocation="http://www.loc.gov/MARC21/slim http://xc.ilcso.uiuc.edu:8080/OAIToolkit2/schema/MARC21slim_custom.xsd">
          <marc:leader>01649nam a2200337zi 4500</marc:leader>
          <marc:controlfield tag="001">BA46716456</marc:controlfield>
          <marc:controlfield tag="003">NII</marc:controlfield>
          <marc:controlfield tag="005">20110909142400.0</marc:controlfield>
          <marc:controlfield tag="007">ta </marc:controlfield>
          <marc:controlfield tag="008">090915s1999    ja ||||||b||||||||||jpn|d</marc:controlfield>
          <marc:datafield tag="016" ind1="7" ind2=" ">
            <marc:subfield code="a">BA46716456</marc:subfield>
            <marc:subfield code="2">JP-ToKJK</marc:subfield>
          </marc:datafield>
          <marc:datafield tag="040" ind1=" " ind2=" ">
            <marc:subfield code="a">NII</marc:subfield>
          </marc:datafield>
          <marc:datafield tag="041" ind1="0" ind2=" ">
            <marc:subfield code="a">jpn</marc:subfield>
          </marc:datafield>
          <marc:datafield tag="044" ind1=" " ind2=" ">
            <marc:subfield code="a">ja</marc:subfield>
            <marc:subfield code="5">NII</marc:subfield>
          </marc:datafield>
          <marc:datafield tag="084" ind1=" " ind2=" ">
            <marc:subfield code="a">723.1</marc:subfield>
            <marc:subfield code="2">NDC8</marc:subfield>
          </marc:datafield>
          <marc:datafield tag="100" ind1="1" ind2=" ">
            <marc:subfield code="6">880-01</marc:subfield>
            <marc:subfield code="a">豊田市教育委員会</marc:subfield>
            <marc:subfield code="0">(NII)DA02585845</marc:subfield>
          </marc:datafield>
          <marc:datafield tag="245" ind1="1" ind2="0">
            <marc:subfield code="a">牧野義雄物語</marc:subfield>
            <marc:subfield code="6">880-02</marc:subfield>
          </marc:datafield>
          <marc:datafield tag="246" ind1="3" ind2="4">
            <marc:subfield code="a">The story of yoshio markino</marc:subfield>
          </marc:datafield>
          <marc:datafield tag="246" ind1="3" ind2="4">
            <marc:subfield code="6">880-03</marc:subfield>
            <marc:subfield code="a">牧野義雄物語 : 滞英四十五年倫敦社交界の寵児 : ロンドン・パリ・ローマを舞台にペンと絵筆で彩られる波乱の生涯</marc:subfield>
          </marc:datafield>
          <marc:datafield tag="260" ind1=" " ind2=" ">
            <marc:subfield code="a">[豊田]</marc:subfield>
            <marc:subfield code="b">豊田市教育委員会</marc:subfield>
            <marc:subfield code="c">1999.2</marc:subfield>
          </marc:datafield>
          <marc:datafield tag="300" ind1=" " ind2=" ">
            <marc:subfield code="a">147p</marc:subfield>
            <marc:subfield code="c">30cm</marc:subfield>
          </marc:datafield>
          <marc:datafield tag="500" ind1=" " ind2=" ">
            <marc:subfield code="a">牧野義雄年譜・書誌: p137-146</marc:subfield>
          </marc:datafield>
          <marc:datafield tag="500" ind1=" " ind2=" ">
            <marc:subfield code="a">監修: 豊田市郷土資料館</marc:subfield>
          </marc:datafield>
          <marc:datafield tag="650" ind1=" " ind2="7">
            <marc:subfield code="6">880-04</marc:subfield>
            <marc:subfield code="a">牧野, 義雄(1869〜1956)</marc:subfield>
            <marc:subfield code="2">NDLSH</marc:subfield>
          </marc:datafield>
          <marc:datafield tag="740" ind1="0" ind2=" ">
            <marc:subfield code="a">牧野義雄物語</marc:subfield>
          </marc:datafield>
          <marc:datafield tag="852" ind1=" " ind2=" ">
            <marc:subfield code="a">九大(FA003454)</marc:subfield>
            <marc:subfield code="k">宗教/61/299</marc:subfield>
            <marc:subfield code="m">OTHER</marc:subfield>
            <marc:subfield code="b">Humanities and Social Sciences</marc:subfield>
            <marc:subfield code="c">107書庫</marc:subfield>
            <marc:subfield code="x">Library</marc:subfield>
            <marc:subfield code="j">文 比較宗教</marc:subfield>
            <marc:subfield code="g">LETTERS, Comparative Religion</marc:subfield>
            <marc:subfield code="p">005112000049414</marc:subfield>
            <marc:subfield code="z">107書庫</marc:subfield>
            <marc:subfield code="6">2007-04-06</marc:subfield>
            <marc:subfield code="i">AA405000</marc:subfield>
          </marc:datafield>
          <marc:datafield tag="880" ind1="1" ind2=" ">
            <marc:subfield code="6">100-01/$1</marc:subfield>
            <marc:subfield code="a">トヨタシ キョウイク イインカイ</marc:subfield>
          </marc:datafield>
          <marc:datafield tag="880" ind1="1" ind2="0">
            <marc:subfield code="6">245-02/$1</marc:subfield>
            <marc:subfield code="a">マキノ ヨシオ モノガタリ</marc:subfield>
          </marc:datafield>
          <marc:datafield tag="880" ind1="3" ind2="4">
            <marc:subfield code="6">246-03/$1</marc:subfield>
            <marc:subfield code="a">マキノ ヨシオ モノガタリ : タイエイ ヨンジュウゴネン ロンドン シャコウカイ ノ チョウジ : ロンドン パリ ローマ オ ブタイ ニ ペン ト エフデ デ イロドラレル ハラン ノ ショウガイ</marc:subfield>
          </marc:datafield>
          <marc:datafield tag="880" ind1=" " ind2="7">
            <marc:subfield code="6">650-04/$1</marc:subfield>
            <marc:subfield code="a">マキノ,ヨシオ(1869〜1956)</marc:subfield>
          </marc:datafield>
        </marc:record>
      </metadata>
    </record>