
    <record>
      <header>
        <identifier>oai:carli.illinois.edu:CARLIVoyager2/83</identifier>
        <datestamp>2011-10-21T15:25:34Z</datestamp>
        <setSpec>bib</setSpec>
      </header>
      <metadata>
        <marc:record xmlns:marc="http://www.loc.gov/MARC21/slim" xmlns:xsi="http://www.w3.org/2001/XMLSchema-instance" xsi:schemaLocation="http://www.loc.gov/MARC21/slim http://xc.ilcso.uiuc.edu:8080/OAIToolkit2/schema/MARC21slim_custom.xsd">
          <marc:leader>02633nam a2200421zi 4500</marc:leader>
          <marc:controlfield tag="001">BA52069207</marc:controlfield>
          <marc:controlfield tag="003">NII</marc:controlfield>
          <marc:controlfield tag="005">20110909142405.0</marc:controlfield>
          <marc:controlfield tag="007">ta </marc:controlfield>
          <marc:controlfield tag="008">090915s2001    ja ||||||b||||||||||jpn|d</marc:controlfield>
          <marc:datafield tag="016" ind1="7" ind2=" ">
            <marc:subfield code="a">BA52069207</marc:subfield>
            <marc:subfield code="2">JP-ToKJK</marc:subfield>
          </marc:datafield>
          <marc:datafield tag="020" ind1=" " ind2=" ">
            <marc:subfield code="c">非売品</marc:subfield>
          </marc:datafield>
          <marc:datafield tag="040" ind1=" " ind2=" ">
            <marc:subfield code="a">NII</marc:subfield>
          </marc:datafield>
          <marc:datafield tag="041" ind1="0" ind2=" ">
            <marc:subfield code="a">jpn</marc:subfield>
            <marc:subfield code="a">eng</marc:subfield>
          </marc:datafield>
          <marc:datafield tag="044" ind1=" " ind2=" ">
            <marc:subfield code="a">ja</marc:subfield>
            <marc:subfield code="5">NII</marc:subfield>
          </marc:datafield>
          <marc:datafield tag="084" ind1=" " ind2=" ">
            <marc:subfield code="a">804</marc:subfield>
            <marc:subfield code="2">NDC8</marc:subfield>
          </marc:datafield>
          <marc:datafield tag="100" ind1="1" ind2=" ">
            <marc:subfield code="6">880-01</marc:subfield>
            <marc:subfield code="a">徳島文理大学文学部英米文学科</marc:subfield>
            <marc:subfield code="0">(NII)DA13335861</marc:subfield>
          </marc:datafield>
          <marc:datafield tag="245" ind1="1" ind2="0">
            <marc:subfield code="a">言語・文学と文化</marc:subfield>
            <marc:subfield code="b">ヒューマニズムを中心として</marc:subfield>
            <marc:subfield code="c">徳島文理大学文学部英米文学科 [編]</marc:subfield>
            <marc:subfield code="6">880-02</marc:subfield>
          </marc:datafield>
          <marc:datafield tag="260" ind1=" " ind2=" ">
            <marc:subfield code="a">志度町 (香川県)</marc:subfield>
            <marc:subfield code="b">徳島文理大学文学部英米文学科</marc:subfield>
            <marc:subfield code="c">2001.3</marc:subfield>
          </marc:datafield>
          <marc:datafield tag="300" ind1=" " ind2=" ">
            <marc:subfield code="a">139p</marc:subfield>
            <marc:subfield code="c">21cm</marc:subfield>
          </marc:datafield>
          <marc:datafield tag="500" ind1=" " ind2=" ">
            <marc:subfield code="a">執筆: 相原亮ほか</marc:subfield>
          </marc:datafield>
          <marc:datafield tag="505" ind1="0" ind2="0">
            <marc:subfield code="t">若きワーズワスの詩観</marc:subfield>
            <marc:subfield code="r">相原亮著</marc:subfield>
          </marc:datafield>
          <marc:datafield tag="505" ind1="0" ind2="0">
            <marc:subfield code="t">English education at the integrated studies in Japanese elementary schools : referring to the policy of official language in Canada and the achievement level of English in Dutch primary schools</marc:subfield>
            <marc:subfield code="r">秋山俊明著</marc:subfield>
          </marc:datafield>
          <marc:datafield tag="505" ind1="0" ind2="0">
            <marc:subfield code="t">英語における指示機能と焦点構造 = referring expressions and focus in English</marc:subfield>
            <marc:subfield code="r">伊藤徳文著</marc:subfield>
          </marc:datafield>
          <marc:datafield tag="505" ind1="0" ind2="0">
            <marc:subfield code="t">ロマ・イニシャティブの形成</marc:subfield>
            <marc:subfield code="r">井上勉著</marc:subfield>
          </marc:datafield>
          <marc:datafield tag="505" ind1="0" ind2="0">
            <marc:subfield code="t">J.B.プリーストリー『夜の訪問者』管見</marc:subfield>
            <marc:subfield code="r">植苗勝弘著</marc:subfield>
          </marc:datafield>
          <marc:datafield tag="505" ind1="0" ind2="0">
            <marc:subfield code="t">晩年のフォークナーと『自転車泥棒』</marc:subfield>
            <marc:subfield code="r">岡地ナホヒロ著</marc:subfield>
          </marc:datafield>
          <marc:datafield tag="505" ind1="0" ind2="0">
            <marc:subfield code="t">ジョン・ダンの詩にみるヒューマニズム</marc:subfield>
            <marc:subfield code="r">岸本吉孝著</marc:subfield>
          </marc:datafield>
          <marc:datafield tag="505" ind1="0" ind2="0">
            <marc:subfield code="t">パロディの地平 : 間テクスト性とユーモア</marc:subfield>
            <marc:subfield code="r">篠田裕著</marc:subfield>
          </marc:datafield>
          <marc:datafield tag="505" ind1="0" ind2="0">
            <marc:subfield code="t">Unraveling a human lot : medical reform and political-historical dynamics in George Eliot's Middlemarch</marc:subfield>
            <marc:subfield code="r">中島正太著</marc:subfield>
          </marc:datafield>
          <marc:datafield tag="505" ind1="0" ind2="0">
            <marc:subfield code="t">テニスンの『モード』Maudにみるヒューマニズムとその言語表現</marc:subfield>
            <marc:subfield code="r">西前美巳著</marc:subfield>
          </marc:datafield>
          <marc:datafield tag="505" ind1="0" ind2="0">
            <marc:subfield code="t">サドの中のドルバック : 啓蒙哲学における無神論の一系譜</marc:subfield>
            <marc:subfield code="r">林學著</marc:subfield>
          </marc:datafield>
          <marc:datafield tag="740" ind1="0" ind2=" ">
            <marc:subfield code="a">言語・文学と文化</marc:subfield>
          </marc:datafield>
          <marc:datafield tag="852" ind1=" " ind2=" ">
            <marc:subfield code="a">九大(FA003454)</marc:subfield>
            <marc:subfield code="k">英文/2A/644</marc:subfield>
            <marc:subfield code="m">OTHER</marc:subfield>
            <marc:subfield code="b">Humanities and Social Sciences</marc:subfield>
            <marc:subfield code="x">Library</marc:subfield>
            <marc:subfield code="j">文 英文共通</marc:subfield>
            <marc:subfield code="g">LETTERS, English Literature</marc:subfield>
            <marc:subfield code="p">005112001015158</marc:subfield>
            <marc:subfield code="6">2004-12-16</marc:subfield>
            <marc:subfield code="i">AA303000</marc:subfield>
          </marc:datafield>
          <marc:datafield tag="852" ind1=" " ind2=" ">
            <marc:subfield code="a">九大(FA003454)</marc:subfield>
            <marc:subfield code="k">教育/03B/417</marc:subfield>
            <marc:subfield code="m">OTHER</marc:subfield>
            <marc:subfield code="b">Humanities and Social Sciences</marc:subfield>
            <marc:subfield code="x">Library</marc:subfield>
            <marc:subfield code="j">教育 330書庫</marc:subfield>
            <marc:subfield code="g">EDUCATION</marc:subfield>
            <marc:subfield code="p">010122001000507</marc:subfield>
            <marc:subfield code="6">2001-08-07</marc:subfield>
            <marc:subfield code="i">BB000010</marc:subfield>
          </marc:datafield>
          <marc:datafield tag="880" ind1="1" ind2=" ">
            <marc:subfield code="6">100-01/$1</marc:subfield>
            <marc:subfield code="a">トクシマ ブンリ ダイガク ブンガクブ エイベイブンガクカ</marc:subfield>
          </marc:datafield>
          <marc:datafield tag="880" ind1="1" ind2="0">
            <marc:subfield code="6">245-02/$1</marc:subfield>
            <marc:subfield code="a">ゲンゴ・ブンガク ト ブンカ : ヒューマニズム オ チュウシン トシテ</marc:subfield>
          </marc:datafield>
        </marc:record>
      </metadata>
    </record>