
    <record>
      <header>
        <identifier>oai:carli.illinois.edu:CARLIVoyager2/119</identifier>
        <datestamp>2011-10-21T15:25:34Z</datestamp>
        <setSpec>bib</setSpec>
      </header>
      <metadata>
        <marc:record xmlns:marc="http://www.loc.gov/MARC21/slim" xmlns:xsi="http://www.w3.org/2001/XMLSchema-instance" xsi:schemaLocation="http://www.loc.gov/MARC21/slim http://xc.ilcso.uiuc.edu:8080/OAIToolkit2/schema/MARC21slim_custom.xsd">
          <marc:leader>04814nam a2200649zi 4500</marc:leader>
          <marc:controlfield tag="001">BA5836862X</marc:controlfield>
          <marc:controlfield tag="003">NII</marc:controlfield>
          <marc:controlfield tag="005">20110909142413.0</marc:controlfield>
          <marc:controlfield tag="007">ta </marc:controlfield>
          <marc:controlfield tag="008">090915s2002    ch ||||||b||||||||||chi|d</marc:controlfield>
          <marc:datafield tag="016" ind1="7" ind2=" ">
            <marc:subfield code="a">BA5836862X</marc:subfield>
            <marc:subfield code="2">JP-ToKJK</marc:subfield>
          </marc:datafield>
          <marc:datafield tag="020" ind1=" " ind2=" ">
            <marc:subfield code="a">(第10冊 : 精裝)</marc:subfield>
          </marc:datafield>
          <marc:datafield tag="020" ind1=" " ind2=" ">
            <marc:subfield code="a">(第11冊 : 精裝)</marc:subfield>
          </marc:datafield>
          <marc:datafield tag="020" ind1=" " ind2=" ">
            <marc:subfield code="a">(第12冊 : 精裝)</marc:subfield>
          </marc:datafield>
          <marc:datafield tag="020" ind1=" " ind2=" ">
            <marc:subfield code="a">(第1冊 : 精裝)</marc:subfield>
          </marc:datafield>
          <marc:datafield tag="020" ind1=" " ind2=" ">
            <marc:subfield code="a">(第2冊 : 精裝)</marc:subfield>
          </marc:datafield>
          <marc:datafield tag="020" ind1=" " ind2=" ">
            <marc:subfield code="a">(第3冊 : 精裝)</marc:subfield>
          </marc:datafield>
          <marc:datafield tag="020" ind1=" " ind2=" ">
            <marc:subfield code="a">(第4冊 : 精裝)</marc:subfield>
          </marc:datafield>
          <marc:datafield tag="020" ind1=" " ind2=" ">
            <marc:subfield code="a">(第5冊 : 精裝)</marc:subfield>
          </marc:datafield>
          <marc:datafield tag="020" ind1=" " ind2=" ">
            <marc:subfield code="a">(第6冊 : 精裝)</marc:subfield>
          </marc:datafield>
          <marc:datafield tag="020" ind1=" " ind2=" ">
            <marc:subfield code="a">(第7冊 : 精裝)</marc:subfield>
          </marc:datafield>
          <marc:datafield tag="020" ind1=" " ind2=" ">
            <marc:subfield code="a">(第8冊 : 精裝)</marc:subfield>
          </marc:datafield>
          <marc:datafield tag="020" ind1=" " ind2=" ">
            <marc:subfield code="a">(第9冊 : 精裝)</marc:subfield>
          </marc:datafield>
          <marc:datafield tag="020" ind1=" " ind2=" ">
            <marc:subfield code="a">9579390169(: セット(精裝))</marc:subfield>
            <marc:subfield code="c">新台幣9000元</marc:subfield>
          </marc:datafield>
          <marc:datafield tag="040" ind1=" " ind2=" ">
            <marc:subfield code="a">NII</marc:subfield>
          </marc:datafield>
          <marc:datafield tag="041" ind1="0" ind2=" ">
            <marc:subfield code="a">chi</marc:subfield>
          </marc:datafield>
          <marc:datafield tag="044" ind1=" " ind2=" ">
            <marc:subfield code="a">ch</marc:subfield>
            <marc:subfield code="5">NII</marc:subfield>
          </marc:datafield>
          <marc:datafield tag="100" ind1="1" ind2=" ">
            <marc:subfield code="a">Standaert, N.</marc:subfield>
            <marc:subfield code="0">(NII)DA0275602X</marc:subfield>
          </marc:datafield>
          <marc:datafield tag="100" ind1="1" ind2=" ">
            <marc:subfield code="6">880-01</marc:subfield>
            <marc:subfield code="a">杜, 鼎克</marc:subfield>
          </marc:datafield>
          <marc:datafield tag="245" ind1="1" ind2="0">
            <marc:subfield code="a">耶穌會羅馬檔案館明清天主教文獻 / 鐘鳴旦, 杜鼎克主編 = Chinese Christian texts from the Roman Archives of the Society of Jesus</marc:subfield>
            <marc:subfield code="c">edited by Nicolas Standaert, Adrian Dudink</marc:subfield>
            <marc:subfield code="6">880-02</marc:subfield>
          </marc:datafield>
          <marc:datafield tag="246" ind1="3" ind2="5">
            <marc:subfield code="a">Chinese Christian texts from the Roman archives of the society of Jesus</marc:subfield>
          </marc:datafield>
          <marc:datafield tag="246" ind1="3" ind2="3">
            <marc:subfield code="6">880-03</marc:subfield>
            <marc:subfield code="a">明清天主教文獻 : 耶穌會羅馬檔案館</marc:subfield>
          </marc:datafield>
          <marc:datafield tag="246" ind1="3" ind2="3">
            <marc:subfield code="6">880-04</marc:subfield>
            <marc:subfield code="a">耶蘇会羅馬档案館明清天主教文献</marc:subfield>
          </marc:datafield>
          <marc:datafield tag="260" ind1=" " ind2=" ">
            <marc:subfield code="a">臺北</marc:subfield>
            <marc:subfield code="b">台北利氏學社</marc:subfield>
            <marc:subfield code="c">2002.4</marc:subfield>
          </marc:datafield>
          <marc:datafield tag="300" ind1=" " ind2=" ">
            <marc:subfield code="a">12冊</marc:subfield>
            <marc:subfield code="c">22cm</marc:subfield>
          </marc:datafield>
          <marc:datafield tag="500" ind1=" " ind2=" ">
            <marc:subfield code="a">影印</marc:subfield>
          </marc:datafield>
          <marc:datafield tag="740" ind1="0" ind2=" ">
            <marc:subfield code="a">耶穌會羅馬檔案館明清天主教文獻</marc:subfield>
          </marc:datafield>
          <marc:datafield tag="852" ind1=" " ind2=" ">
            <marc:subfield code="a">九大(FA003454)</marc:subfield>
            <marc:subfield code="k">中哲/41B/2076</marc:subfield>
            <marc:subfield code="m">OTHER</marc:subfield>
            <marc:subfield code="b">Humanities and Social Sciences</marc:subfield>
            <marc:subfield code="x">Research room</marc:subfield>
            <marc:subfield code="j">文 中哲(研究室)</marc:subfield>
            <marc:subfield code="g">LETTERS, Chinese Philosophy research room</marc:subfield>
            <marc:subfield code="p">005112002017103</marc:subfield>
            <marc:subfield code="8">第1冊</marc:subfield>
            <marc:subfield code="6">2009-11-12</marc:subfield>
            <marc:subfield code="i">AA103090</marc:subfield>
          </marc:datafield>
          <marc:datafield tag="852" ind1=" " ind2=" ">
            <marc:subfield code="a">九大(FA003454)</marc:subfield>
            <marc:subfield code="k">中哲/41B/2076</marc:subfield>
            <marc:subfield code="m">OTHER</marc:subfield>
            <marc:subfield code="b">Humanities and Social Sciences</marc:subfield>
            <marc:subfield code="x">Research room</marc:subfield>
            <marc:subfield code="j">文 中哲(研究室)</marc:subfield>
            <marc:subfield code="g">LETTERS, Chinese Philosophy research room</marc:subfield>
            <marc:subfield code="p">005112002017115</marc:subfield>
            <marc:subfield code="8">第2冊</marc:subfield>
            <marc:subfield code="6">2009-11-12</marc:subfield>
            <marc:subfield code="i">AA103090</marc:subfield>
          </marc:datafield>
          <marc:datafield tag="852" ind1=" " ind2=" ">
            <marc:subfield code="a">九大(FA003454)</marc:subfield>
            <marc:subfield code="k">中哲/41B/2076</marc:subfield>
            <marc:subfield code="m">OTHER</marc:subfield>
            <marc:subfield code="b">Humanities and Social Sciences</marc:subfield>
            <marc:subfield code="x">Research room</marc:subfield>
            <marc:subfield code="j">文 中哲(研究室)</marc:subfield>
            <marc:subfield code="g">LETTERS, Chinese Philosophy research room</marc:subfield>
            <marc:subfield code="p">005112002017127</marc:subfield>
            <marc:subfield code="8">第3冊</marc:subfield>
            <marc:subfield code="6">2009-11-12</marc:subfield>
            <marc:subfield code="i">AA103090</marc:subfield>
          </marc:datafield>
          <marc:datafield tag="852" ind1=" " ind2=" ">
            <marc:subfield code="a">九大(FA003454)</marc:subfield>
            <marc:subfield code="k">中哲/41B/2076</marc:subfield>
            <marc:subfield code="m">OTHER</marc:subfield>
            <marc:subfield code="b">Humanities and Social Sciences</marc:subfield>
            <marc:subfield code="x">Research room</marc:subfield>
            <marc:subfield code="j">文 中哲(研究室)</marc:subfield>
            <marc:subfield code="g">LETTERS, Chinese Philosophy research room</marc:subfield>
            <marc:subfield code="p">005112002017130</marc:subfield>
            <marc:subfield code="8">第4冊</marc:subfield>
            <marc:subfield code="6">2009-11-12</marc:subfield>
            <marc:subfield code="i">AA103090</marc:subfield>
          </marc:datafield>
          <marc:datafield tag="852" ind1=" " ind2=" ">
            <marc:subfield code="a">九大(FA003454)</marc:subfield>
            <marc:subfield code="k">中哲/41B/2076</marc:subfield>
            <marc:subfield code="m">OTHER</marc:subfield>
            <marc:subfield code="b">Humanities and Social Sciences</marc:subfield>
            <marc:subfield code="x">Research room</marc:subfield>
            <marc:subfield code="j">文 中哲(研究室)</marc:subfield>
            <marc:subfield code="g">LETTERS, Chinese Philosophy research room</marc:subfield>
            <marc:subfield code="p">005112002017142</marc:subfield>
            <marc:subfield code="8">第5冊</marc:subfield>
            <marc:subfield code="6">2009-11-12</marc:subfield>
            <marc:subfield code="i">AA103090</marc:subfield>
          </marc:datafield>
          <marc:datafield tag="852" ind1=" " ind2=" ">
            <marc:subfield code="a">九大(FA003454)</marc:subfield>
            <marc:subfield code="k">中哲/41B/2076</marc:subfield>
            <marc:subfield code="m">OTHER</marc:subfield>
            <marc:subfield code="b">Humanities and Social Sciences</marc:subfield>
            <marc:subfield code="x">Research room</marc:subfield>
            <marc:subfield code="j">文 中哲(研究室)</marc:subfield>
            <marc:subfield code="g">LETTERS, Chinese Philosophy research room</marc:subfield>
            <marc:subfield code="p">005112002017154</marc:subfield>
            <marc:subfield code="8">第6冊</marc:subfield>
            <marc:subfield code="6">2009-11-12</marc:subfield>
            <marc:subfield code="i">AA103090</marc:subfield>
          </marc:datafield>
          <marc:datafield tag="852" ind1=" " ind2=" ">
            <marc:subfield code="a">九大(FA003454)</marc:subfield>
            <marc:subfield code="k">中哲/41B/2076</marc:subfield>
            <marc:subfield code="m">OTHER</marc:subfield>
            <marc:subfield code="b">Humanities and Social Sciences</marc:subfield>
            <marc:subfield code="x">Research room</marc:subfield>
            <marc:subfield code="j">文 中哲(研究室)</marc:subfield>
            <marc:subfield code="g">LETTERS, Chinese Philosophy research room</marc:subfield>
            <marc:subfield code="p">005112002017166</marc:subfield>
            <marc:subfield code="8">第7冊</marc:subfield>
            <marc:subfield code="6">2009-11-12</marc:subfield>
            <marc:subfield code="i">AA103090</marc:subfield>
          </marc:datafield>
          <marc:datafield tag="852" ind1=" " ind2=" ">
            <marc:subfield code="a">九大(FA003454)</marc:subfield>
            <marc:subfield code="k">中哲/41B/2076</marc:subfield>
            <marc:subfield code="m">OTHER</marc:subfield>
            <marc:subfield code="b">Humanities and Social Sciences</marc:subfield>
            <marc:subfield code="x">Research room</marc:subfield>
            <marc:subfield code="j">文 中哲(研究室)</marc:subfield>
            <marc:subfield code="g">LETTERS, Chinese Philosophy research room</marc:subfield>
            <marc:subfield code="p">005112002017178</marc:subfield>
            <marc:subfield code="8">第8冊</marc:subfield>
            <marc:subfield code="6">2009-11-12</marc:subfield>
            <marc:subfield code="i">AA103090</marc:subfield>
          </marc:datafield>
          <marc:datafield tag="852" ind1=" " ind2=" ">
            <marc:subfield code="a">九大(FA003454)</marc:subfield>
            <marc:subfield code="k">中哲/41B/2076</marc:subfield>
            <marc:subfield code="m">OTHER</marc:subfield>
            <marc:subfield code="b">Humanities and Social Sciences</marc:subfield>
            <marc:subfield code="x">Research room</marc:subfield>
            <marc:subfield code="j">文 中哲(研究室)</marc:subfield>
            <marc:subfield code="g">LETTERS, Chinese Philosophy research room</marc:subfield>
            <marc:subfield code="p">005112002017181</marc:subfield>
            <marc:subfield code="8">第9冊</marc:subfield>
            <marc:subfield code="6">2009-11-12</marc:subfield>
            <marc:subfield code="i">AA103090</marc:subfield>
          </marc:datafield>
          <marc:datafield tag="852" ind1=" " ind2=" ">
            <marc:subfield code="a">九大(FA003454)</marc:subfield>
            <marc:subfield code="k">中哲/41B/2076</marc:subfield>
            <marc:subfield code="m">OTHER</marc:subfield>
            <marc:subfield code="b">Humanities and Social Sciences</marc:subfield>
            <marc:subfield code="x">Research room</marc:subfield>
            <marc:subfield code="j">文 中哲(研究室)</marc:subfield>
            <marc:subfield code="g">LETTERS, Chinese Philosophy research room</marc:subfield>
            <marc:subfield code="p">005112002017193</marc:subfield>
            <marc:subfield code="8">第10冊</marc:subfield>
            <marc:subfield code="6">2009-11-12</marc:subfield>
            <marc:subfield code="i">AA103090</marc:subfield>
          </marc:datafield>
          <marc:datafield tag="852" ind1=" " ind2=" ">
            <marc:subfield code="a">九大(FA003454)</marc:subfield>
            <marc:subfield code="k">中哲/41B/2076</marc:subfield>
            <marc:subfield code="m">OTHER</marc:subfield>
            <marc:subfield code="b">Humanities and Social Sciences</marc:subfield>
            <marc:subfield code="x">Research room</marc:subfield>
            <marc:subfield code="j">文 中哲(研究室)</marc:subfield>
            <marc:subfield code="g">LETTERS, Chinese Philosophy research room</marc:subfield>
            <marc:subfield code="p">005112002017204</marc:subfield>
            <marc:subfield code="8">第11冊</marc:subfield>
            <marc:subfield code="6">2009-11-12</marc:subfield>
            <marc:subfield code="i">AA103090</marc:subfield>
          </marc:datafield>
          <marc:datafield tag="852" ind1=" " ind2=" ">
            <marc:subfield code="a">九大(FA003454)</marc:subfield>
            <marc:subfield code="k">中哲/41B/2076</marc:subfield>
            <marc:subfield code="m">OTHER</marc:subfield>
            <marc:subfield code="b">Humanities and Social Sciences</marc:subfield>
            <marc:subfield code="x">Research room</marc:subfield>
            <marc:subfield code="j">文 中哲(研究室)</marc:subfield>
            <marc:subfield code="g">LETTERS, Chinese Philosophy research room</marc:subfield>
            <marc:subfield code="p">005112002017216</marc:subfield>
            <marc:subfield code="8">第12冊</marc:subfield>
            <marc:subfield code="6">2009-11-12</marc:subfield>
            <marc:subfield code="i">AA103090</marc:subfield>
          </marc:datafield>
          <marc:datafield tag="880" ind1="1" ind2=" ">
            <marc:subfield code="6">100-01/$1</marc:subfield>
            <marc:subfield code="a">ト, テイコク</marc:subfield>
          </marc:datafield>
          <marc:datafield tag="880" ind1="1" ind2=" ">
            <marc:subfield code="6">100-01/(B</marc:subfield>
            <marc:subfield code="a">du, ding ke</marc:subfield>
          </marc:datafield>
          <marc:datafield tag="880" ind1="1" ind2="0">
            <marc:subfield code="6">245-02/$1</marc:subfield>
            <marc:subfield code="a">イエズズカイ ローマ トウアンカン ミンシン テンシュキョウ ブンケン</marc:subfield>
          </marc:datafield>
          <marc:datafield tag="880" ind1="1" ind2="0">
            <marc:subfield code="6">245-02/(B</marc:subfield>
            <marc:subfield code="a">ye su hui luo ma dang an guan ming qing tian zhu jiao wen xian</marc:subfield>
          </marc:datafield>
          <marc:datafield tag="880" ind1="3" ind2="3">
            <marc:subfield code="6">246-03/$1</marc:subfield>
            <marc:subfield code="a">ミン シン テンシュキョウ ブンケン : ヤソカイ ラバ トウアンカン</marc:subfield>
          </marc:datafield>
          <marc:datafield tag="880" ind1="3" ind2="3">
            <marc:subfield code="6">246-03/(B</marc:subfield>
            <marc:subfield code="a">ming qing tian zhu jiao wen xian : ye su hui luo ma dang an guan</marc:subfield>
          </marc:datafield>
          <marc:datafield tag="880" ind1="3" ind2="3">
            <marc:subfield code="6">246-04/$1</marc:subfield>
            <marc:subfield code="a">ヤソカイ ローマ トウアンカン ミン シン テンシュキョウ ブンケン</marc:subfield>
          </marc:datafield>
        </marc:record>
      </metadata>
    </record>