
    <record>
      <header>
        <identifier>oai:carli.illinois.edu:CARLIVoyager2/151</identifier>
        <datestamp>2011-10-21T15:25:34Z</datestamp>
        <setSpec>bib</setSpec>
      </header>
      <metadata>
        <marc:record xmlns:marc="http://www.loc.gov/MARC21/slim" xmlns:xsi="http://www.w3.org/2001/XMLSchema-instance" xsi:schemaLocation="http://www.loc.gov/MARC21/slim http://xc.ilcso.uiuc.edu:8080/OAIToolkit2/schema/MARC21slim_custom.xsd">
          <marc:leader>07519nam a2201057zi 4500</marc:leader>
          <marc:controlfield tag="001">BA65350963</marc:controlfield>
          <marc:controlfield tag="003">NII</marc:controlfield>
          <marc:controlfield tag="005">20110909142420.0</marc:controlfield>
          <marc:controlfield tag="007">ta </marc:controlfield>
          <marc:controlfield tag="008">090918s2004    ja ||||||b||||||||||jpn|d</marc:controlfield>
          <marc:datafield tag="016" ind1="7" ind2=" ">
            <marc:subfield code="a">BA65350963</marc:subfield>
            <marc:subfield code="2">JP-ToKJK</marc:subfield>
          </marc:datafield>
          <marc:datafield tag="020" ind1=" " ind2=" ">
            <marc:subfield code="a">4876981647(2)</marc:subfield>
            <marc:subfield code="c">3400円+税</marc:subfield>
          </marc:datafield>
          <marc:datafield tag="020" ind1=" " ind2=" ">
            <marc:subfield code="a">9784876981465(1)</marc:subfield>
            <marc:subfield code="c">3000円+税</marc:subfield>
            <marc:subfield code="z">4876981469</marc:subfield>
          </marc:datafield>
          <marc:datafield tag="020" ind1=" " ind2=" ">
            <marc:subfield code="a">9784876981830(3)</marc:subfield>
            <marc:subfield code="c">3500円+税</marc:subfield>
          </marc:datafield>
          <marc:datafield tag="040" ind1=" " ind2=" ">
            <marc:subfield code="a">NII</marc:subfield>
          </marc:datafield>
          <marc:datafield tag="041" ind1="1" ind2=" ">
            <marc:subfield code="a">jpn</marc:subfield>
            <marc:subfield code="h">lat</marc:subfield>
          </marc:datafield>
          <marc:datafield tag="044" ind1=" " ind2=" ">
            <marc:subfield code="a">ja</marc:subfield>
            <marc:subfield code="5">NII</marc:subfield>
          </marc:datafield>
          <marc:datafield tag="084" ind1=" " ind2=" ">
            <marc:subfield code="a">232.8</marc:subfield>
            <marc:subfield code="2">NDC8</marc:subfield>
          </marc:datafield>
          <marc:datafield tag="084" ind1=" " ind2=" ">
            <marc:subfield code="a">232.8</marc:subfield>
            <marc:subfield code="2">NDC9</marc:subfield>
          </marc:datafield>
          <marc:datafield tag="084" ind1=" " ind2=" ">
            <marc:subfield code="a">GA54</marc:subfield>
            <marc:subfield code="2">NDLC</marc:subfield>
          </marc:datafield>
          <marc:datafield tag="100" ind1="1" ind2=" ">
            <marc:subfield code="a">Spartianus, Aelius</marc:subfield>
            <marc:subfield code="0">(NII)DA13635402</marc:subfield>
          </marc:datafield>
          <marc:datafield tag="100" ind1="1" ind2=" ">
            <marc:subfield code="6">880-01</marc:subfield>
            <marc:subfield code="a">南川, 高志(1955-)</marc:subfield>
            <marc:subfield code="0">(NII)DA0959145X</marc:subfield>
          </marc:datafield>
          <marc:datafield tag="100" ind1="1" ind2=" ">
            <marc:subfield code="6">880-02</marc:subfield>
            <marc:subfield code="a">桑山, 由文(1970-)</marc:subfield>
            <marc:subfield code="0">(NII)DA16590231</marc:subfield>
          </marc:datafield>
          <marc:datafield tag="100" ind1="1" ind2=" ">
            <marc:subfield code="6">880-03</marc:subfield>
            <marc:subfield code="a">井上, 文則(1973-)</marc:subfield>
            <marc:subfield code="0">(NII)DA15462418</marc:subfield>
          </marc:datafield>
          <marc:datafield tag="245" ind1="1" ind2="0">
            <marc:subfield code="a">ローマ皇帝群像</marc:subfield>
            <marc:subfield code="c">アエリウス・スパルティアヌス他 [著] ; 南川高志訳</marc:subfield>
            <marc:subfield code="6">880-04</marc:subfield>
          </marc:datafield>
          <marc:datafield tag="246" ind1="3" ind2="3">
            <marc:subfield code="a">Historia Augusta</marc:subfield>
          </marc:datafield>
          <marc:datafield tag="260" ind1=" " ind2=" ">
            <marc:subfield code="a">京都</marc:subfield>
            <marc:subfield code="b">京都大学学術出版会</marc:subfield>
            <marc:subfield code="c">2004.1-</marc:subfield>
          </marc:datafield>
          <marc:datafield tag="300" ind1=" " ind2=" ">
            <marc:subfield code="a">冊</marc:subfield>
            <marc:subfield code="c">20cm</marc:subfield>
          </marc:datafield>
          <marc:datafield tag="490" ind1="0" ind2=" ">
            <marc:subfield code="6">880-05</marc:subfield>
            <marc:subfield code="a">西洋古典叢書</marc:subfield>
            <marc:subfield code="3">BA31021009</marc:subfield>
          </marc:datafield>
          <marc:datafield tag="500" ind1=" " ind2=" ">
            <marc:subfield code="a">『ローマ皇帝群像2』関連年表: 2 p344-347</marc:subfield>
          </marc:datafield>
          <marc:datafield tag="500" ind1=" " ind2=" ">
            <marc:subfield code="a">2の訳者: 桑山由文, 井上文則, 南川高志</marc:subfield>
          </marc:datafield>
          <marc:datafield tag="500" ind1=" " ind2=" ">
            <marc:subfield code="a">底本: E. Hohl (ed.), Scriptores historiae Augustae, 5. Aufl., 2 Bd. Leipzig : Teubner, 1971</marc:subfield>
          </marc:datafield>
          <marc:datafield tag="500" ind1=" " ind2=" ">
            <marc:subfield code="a">1: 折り込図1枚</marc:subfield>
          </marc:datafield>
          <marc:datafield tag="500" ind1=" " ind2=" ">
            <marc:subfield code="a">1の付: 月報44 (8p ; 19cm)</marc:subfield>
          </marc:datafield>
          <marc:datafield tag="500" ind1=" " ind2=" ">
            <marc:subfield code="a">3の付: 月報80 (8p ; 19cm)</marc:subfield>
          </marc:datafield>
          <marc:datafield tag="500" ind1=" " ind2=" ">
            <marc:subfield code="a">2の付: 月報62 (8p ; 19cm)</marc:subfield>
          </marc:datafield>
          <marc:datafield tag="500" ind1=" " ind2=" ">
            <marc:subfield code="a">2, 3: 折り込図2枚</marc:subfield>
          </marc:datafield>
          <marc:datafield tag="500" ind1=" " ind2=" ">
            <marc:subfield code="a">3の訳者: 井上文則, 桑山由文</marc:subfield>
          </marc:datafield>
          <marc:datafield tag="500" ind1=" " ind2=" ">
            <marc:subfield code="a">『ローマ皇帝群像3』関連年表: 3 p353-355</marc:subfield>
          </marc:datafield>
          <marc:datafield tag="500" ind1=" " ind2=" ">
            <marc:subfield code="a">『ローマ皇帝群像1』関連年表: 1 p254-258</marc:subfield>
          </marc:datafield>
          <marc:datafield tag="505" ind1="0" ind2="0">
            <marc:subfield code="g">1</marc:subfield>
            <marc:subfield code="t">ハドリアヌスの生涯</marc:subfield>
            <marc:subfield code="r">アエリウス・スパルティアヌス [著]</marc:subfield>
          </marc:datafield>
          <marc:datafield tag="505" ind1="0" ind2="0">
            <marc:subfield code="t">アエリウスの生涯</marc:subfield>
            <marc:subfield code="r">アエリウス・スパルティアヌス [著]</marc:subfield>
          </marc:datafield>
          <marc:datafield tag="505" ind1="0" ind2="0">
            <marc:subfield code="t">アントニヌス・ピウスの生涯</marc:subfield>
            <marc:subfield code="r">ユリウス・カピトリヌス [著]</marc:subfield>
          </marc:datafield>
          <marc:datafield tag="505" ind1="0" ind2="0">
            <marc:subfield code="t">哲学者マルクス・アントニヌスの生涯</marc:subfield>
            <marc:subfield code="r">ユリウス・カピトリヌス [著]</marc:subfield>
          </marc:datafield>
          <marc:datafield tag="505" ind1="0" ind2="0">
            <marc:subfield code="t">ウェルスの生涯</marc:subfield>
            <marc:subfield code="r">ユリウス・カピトリヌス [著]</marc:subfield>
          </marc:datafield>
          <marc:datafield tag="505" ind1="0" ind2="0">
            <marc:subfield code="t">アウィディウス・カッシウスの生涯</marc:subfield>
            <marc:subfield code="r">ウルカキウス・ガリカヌス [著]</marc:subfield>
          </marc:datafield>
          <marc:datafield tag="505" ind1="0" ind2="0">
            <marc:subfield code="g">2</marc:subfield>
            <marc:subfield code="t">コンモドゥス・アントニヌスの生涯</marc:subfield>
            <marc:subfield code="r">アエリウス・ランプリディウス [著] ; 南川高志訳</marc:subfield>
          </marc:datafield>
          <marc:datafield tag="505" ind1="0" ind2="0">
            <marc:subfield code="t">ヘルウィウス・ペルティナクスの生涯</marc:subfield>
            <marc:subfield code="r">ユリウス・カピトリヌス [著] ; 井上文則訳</marc:subfield>
          </marc:datafield>
          <marc:datafield tag="505" ind1="0" ind2="0">
            <marc:subfield code="t">ディディウス・ユリアヌスの生涯</marc:subfield>
            <marc:subfield code="r">アエリウス・スパルティアヌス [著] ; 井上文則訳</marc:subfield>
          </marc:datafield>
          <marc:datafield tag="505" ind1="0" ind2="0">
            <marc:subfield code="t">セウェルスの生涯</marc:subfield>
            <marc:subfield code="r">アエリウス・スパルティアヌス [著] ; 南川高志訳</marc:subfield>
          </marc:datafield>
          <marc:datafield tag="505" ind1="0" ind2="0">
            <marc:subfield code="t">ペスケンニウス・ニゲルの生涯</marc:subfield>
            <marc:subfield code="r">アエリウス・スパルティアヌス [著] ; 桑山由文訳</marc:subfield>
          </marc:datafield>
          <marc:datafield tag="505" ind1="0" ind2="0">
            <marc:subfield code="t">クロディウス・アルビヌスの生涯</marc:subfield>
            <marc:subfield code="r">ユリウス・カピトリヌス [著] ; 桑山由文訳</marc:subfield>
          </marc:datafield>
          <marc:datafield tag="505" ind1="0" ind2="0">
            <marc:subfield code="t">アントニヌス・カラカルスの生涯</marc:subfield>
            <marc:subfield code="r">アエリウス・スパルティアヌス [著] ; 井上文則訳</marc:subfield>
          </marc:datafield>
          <marc:datafield tag="505" ind1="0" ind2="0">
            <marc:subfield code="t">アントニヌス・ゲタの生涯</marc:subfield>
            <marc:subfield code="r">アエリウス・スパルティアヌス [著] ; 井上文則訳</marc:subfield>
          </marc:datafield>
          <marc:datafield tag="505" ind1="0" ind2="0">
            <marc:subfield code="t">オピリウス・マクリヌスの生涯</marc:subfield>
            <marc:subfield code="r">ユリウス・カピトリヌス [著] ; 桑山由文訳</marc:subfield>
          </marc:datafield>
          <marc:datafield tag="505" ind1="0" ind2="0">
            <marc:subfield code="t">ディアドゥメヌス・アントニヌスの生涯</marc:subfield>
            <marc:subfield code="r">アエリウス・ランプリディウス [著] ; 桑山由文訳</marc:subfield>
          </marc:datafield>
          <marc:datafield tag="505" ind1="0" ind2="0">
            <marc:subfield code="t">アントニヌス・ヘリオガバルスの生涯</marc:subfield>
            <marc:subfield code="r">アエリウス・ランプリディウス [著] ; 井上文則訳</marc:subfield>
          </marc:datafield>
          <marc:datafield tag="505" ind1="0" ind2="0">
            <marc:subfield code="g">3</marc:subfield>
            <marc:subfield code="t">アレクサンデル・セウェルスの生涯</marc:subfield>
            <marc:subfield code="r">アエリウス・ランプリディウス [著] ; 桑山由文訳</marc:subfield>
          </marc:datafield>
          <marc:datafield tag="505" ind1="0" ind2="0">
            <marc:subfield code="t">二人のマクシミヌスの生涯</marc:subfield>
            <marc:subfield code="r">ユリウス・カピトリヌス [著] ; 井上文則訳</marc:subfield>
          </marc:datafield>
          <marc:datafield tag="505" ind1="0" ind2="0">
            <marc:subfield code="t">三人のゴルディアヌスの生涯</marc:subfield>
            <marc:subfield code="r">ユリウス・カピトリヌス [著] ; 桑山由文訳</marc:subfield>
          </marc:datafield>
          <marc:datafield tag="505" ind1="0" ind2="0">
            <marc:subfield code="t">マクシムスとバルビヌスの生涯</marc:subfield>
            <marc:subfield code="r">ユリウス・カピトリヌス [著] ; 井上文則訳</marc:subfield>
          </marc:datafield>
          <marc:datafield tag="505" ind1="0" ind2="0">
            <marc:subfield code="t">二人のウァレリアヌスの生涯</marc:subfield>
            <marc:subfield code="r">トレベリウス・ポリオ [著] ; 井上文則訳</marc:subfield>
          </marc:datafield>
          <marc:datafield tag="505" ind1="0" ind2="0">
            <marc:subfield code="t">二人のガリエヌスの生涯</marc:subfield>
            <marc:subfield code="r">トレベリウス・ポリオ [著] ; 井上文則訳</marc:subfield>
          </marc:datafield>
          <marc:datafield tag="505" ind1="0" ind2="0">
            <marc:subfield code="t">三〇人の僭称帝たちの生涯</marc:subfield>
            <marc:subfield code="r">トレベリウス・ポリオ [著] ; 井上文則訳</marc:subfield>
          </marc:datafield>
          <marc:datafield tag="520" ind1="3" ind2=" ">
            <marc:subfield code="a">『ヒストリア・アウグスタ』の名で伝わるローマ皇帝の伝記集。ローマ五賢帝時代から3世紀末までの70名の皇帝、皇帝僭称者を扱い、数々のエピソードには小説よりも奇異とすべきものがあり、読み物としても無類に面白い。本分冊は、理想の皇帝とされたアレクサンデル・セウェルス帝の治世に始まり、主としてガリエヌスに対して反乱を起こした30人の簒奪僭主たちまで扱う。</marc:subfield>
          </marc:datafield>
          <marc:datafield tag="650" ind1=" " ind2="7">
            <marc:subfield code="6">880-06</marc:subfield>
            <marc:subfield code="a">ローマ(古代)</marc:subfield>
            <marc:subfield code="2">BSH</marc:subfield>
          </marc:datafield>
          <marc:datafield tag="650" ind1=" " ind2="7">
            <marc:subfield code="6">880-07</marc:subfield>
            <marc:subfield code="a">伝記 -- ローマ(古代)</marc:subfield>
            <marc:subfield code="2">BSH</marc:subfield>
          </marc:datafield>
          <marc:datafield tag="650" ind1=" " ind2="7">
            <marc:subfield code="6">880-08</marc:subfield>
            <marc:subfield code="a">帝王</marc:subfield>
            <marc:subfield code="2">BSH</marc:subfield>
          </marc:datafield>
          <marc:datafield tag="650" ind1=" " ind2="7">
            <marc:subfield code="6">880-09</marc:subfield>
            <marc:subfield code="a">ローマ -- 歴史 -- 帝政時代</marc:subfield>
            <marc:subfield code="2">NDLSH</marc:subfield>
          </marc:datafield>
          <marc:datafield tag="650" ind1=" " ind2="7">
            <marc:subfield code="6">880-10</marc:subfield>
            <marc:subfield code="a">帝王 -- ローマ</marc:subfield>
            <marc:subfield code="2">NDLSH</marc:subfield>
          </marc:datafield>
          <marc:datafield tag="740" ind1="0" ind2=" ">
            <marc:subfield code="a">ローマ皇帝群像</marc:subfield>
          </marc:datafield>
          <marc:datafield tag="830" ind1=" " ind2=" ">
            <marc:subfield code="w">BA31021009</marc:subfield>
          </marc:datafield>
          <marc:datafield tag="852" ind1=" " ind2=" ">
            <marc:subfield code="a">九大(FA003454)</marc:subfield>
            <marc:subfield code="k">倫理/Gr/257</marc:subfield>
            <marc:subfield code="m">OTHER</marc:subfield>
            <marc:subfield code="b">Humanities and Social Sciences</marc:subfield>
            <marc:subfield code="x">Research room</marc:subfield>
            <marc:subfield code="j">文 倫理(研究室)</marc:subfield>
            <marc:subfield code="g">LETTERS, research room</marc:subfield>
            <marc:subfield code="p">005112003050864</marc:subfield>
            <marc:subfield code="f">4876981469</marc:subfield>
            <marc:subfield code="8">1</marc:subfield>
            <marc:subfield code="6">2009-11-12</marc:subfield>
            <marc:subfield code="i">AA104090</marc:subfield>
          </marc:datafield>
          <marc:datafield tag="852" ind1=" " ind2=" ">
            <marc:subfield code="a">九大(FA003454)</marc:subfield>
            <marc:subfield code="k">哲学/602/404</marc:subfield>
            <marc:subfield code="m">OTHER</marc:subfield>
            <marc:subfield code="b">Humanities and Social Sciences</marc:subfield>
            <marc:subfield code="c">哲学演習室</marc:subfield>
            <marc:subfield code="x">Research room</marc:subfield>
            <marc:subfield code="j">文 哲学(研究室)</marc:subfield>
            <marc:subfield code="g">LETTERS, Western Philosophy research room</marc:subfield>
            <marc:subfield code="p">005112003050876</marc:subfield>
            <marc:subfield code="f">4876981469</marc:subfield>
            <marc:subfield code="6">2009-11-13</marc:subfield>
            <marc:subfield code="i">AA101090</marc:subfield>
          </marc:datafield>
          <marc:datafield tag="852" ind1=" " ind2=" ">
            <marc:subfield code="a">九大(FA003454)</marc:subfield>
            <marc:subfield code="k">倫理/Gr/257</marc:subfield>
            <marc:subfield code="m">OTHER</marc:subfield>
            <marc:subfield code="b">Humanities and Social Sciences</marc:subfield>
            <marc:subfield code="x">Research room</marc:subfield>
            <marc:subfield code="j">文 倫理(研究室)</marc:subfield>
            <marc:subfield code="g">LETTERS, research room</marc:subfield>
            <marc:subfield code="p">005112006002928</marc:subfield>
            <marc:subfield code="f">4876981647</marc:subfield>
            <marc:subfield code="8">2</marc:subfield>
            <marc:subfield code="6">2009-11-12</marc:subfield>
            <marc:subfield code="i">AA104090</marc:subfield>
          </marc:datafield>
          <marc:datafield tag="852" ind1=" " ind2=" ">
            <marc:subfield code="a">九大(FA003454)</marc:subfield>
            <marc:subfield code="k">倫理/Gr/257</marc:subfield>
            <marc:subfield code="m">OTHER</marc:subfield>
            <marc:subfield code="b">Humanities and Social Sciences</marc:subfield>
            <marc:subfield code="c">継続 文 倫理/Gr/257</marc:subfield>
            <marc:subfield code="x">Research room</marc:subfield>
            <marc:subfield code="j">文 倫理(研究室)</marc:subfield>
            <marc:subfield code="g">LETTERS, research room</marc:subfield>
            <marc:subfield code="p">005112009002034</marc:subfield>
            <marc:subfield code="f">9784876981830</marc:subfield>
            <marc:subfield code="8">3</marc:subfield>
            <marc:subfield code="6">2009-11-12</marc:subfield>
            <marc:subfield code="i">AA104090</marc:subfield>
          </marc:datafield>
          <marc:datafield tag="852" ind1=" " ind2=" ">
            <marc:subfield code="a">九大理系(FA02289X)</marc:subfield>
            <marc:subfield code="k">232.8/Sp 2</marc:subfield>
            <marc:subfield code="m">NDC</marc:subfield>
            <marc:subfield code="b">Ito</marc:subfield>
            <marc:subfield code="x">Library</marc:subfield>
            <marc:subfield code="j">伊都理系 1F 開架</marc:subfield>
            <marc:subfield code="g">Ito Rikei １F open</marc:subfield>
            <marc:subfield code="p">031112005004051</marc:subfield>
            <marc:subfield code="f">4876981469</marc:subfield>
            <marc:subfield code="8">1</marc:subfield>
            <marc:subfield code="6">2005-09-07</marc:subfield>
            <marc:subfield code="i">OP001000</marc:subfield>
          </marc:datafield>
          <marc:datafield tag="852" ind1=" " ind2=" ">
            <marc:subfield code="a">九大理系(FA02289X)</marc:subfield>
            <marc:subfield code="k">232.8/Sp 2</marc:subfield>
            <marc:subfield code="m">NDC</marc:subfield>
            <marc:subfield code="b">Ito</marc:subfield>
            <marc:subfield code="x">Library</marc:subfield>
            <marc:subfield code="j">伊都中央 2F開架</marc:subfield>
            <marc:subfield code="g">ItoChuo 2F Open Stacks</marc:subfield>
            <marc:subfield code="p">058112004003721</marc:subfield>
            <marc:subfield code="f">4876981469</marc:subfield>
            <marc:subfield code="8">1</marc:subfield>
            <marc:subfield code="6">2006-08-04</marc:subfield>
            <marc:subfield code="i">OQ991000</marc:subfield>
          </marc:datafield>
          <marc:datafield tag="852" ind1=" " ind2=" ">
            <marc:subfield code="a">九大理系(FA02289X)</marc:subfield>
            <marc:subfield code="k">232.8/Sp 2</marc:subfield>
            <marc:subfield code="m">NDC</marc:subfield>
            <marc:subfield code="b">Ito</marc:subfield>
            <marc:subfield code="c">選定図書</marc:subfield>
            <marc:subfield code="x">Library</marc:subfield>
            <marc:subfield code="j">伊都中央 2F開架</marc:subfield>
            <marc:subfield code="g">ItoChuo 2F Open Stacks</marc:subfield>
            <marc:subfield code="p">058112006024068</marc:subfield>
            <marc:subfield code="f">4876981647</marc:subfield>
            <marc:subfield code="8">2</marc:subfield>
            <marc:subfield code="6">2006-08-09</marc:subfield>
            <marc:subfield code="i">OQ991000</marc:subfield>
          </marc:datafield>
          <marc:datafield tag="852" ind1=" " ind2=" ">
            <marc:subfield code="a">九大理系(FA02289X)</marc:subfield>
            <marc:subfield code="k">232.8/Sp 2</marc:subfield>
            <marc:subfield code="b">Ito</marc:subfield>
            <marc:subfield code="x">Library</marc:subfield>
            <marc:subfield code="j">伊都中央 2F開架</marc:subfield>
            <marc:subfield code="g">ItoChuo 2F Open Stacks</marc:subfield>
            <marc:subfield code="p">058112009028771</marc:subfield>
            <marc:subfield code="f">9784876981830</marc:subfield>
            <marc:subfield code="8">3</marc:subfield>
            <marc:subfield code="6">2009-12-08</marc:subfield>
            <marc:subfield code="i">OQ991000</marc:subfield>
          </marc:datafield>
          <marc:datafield tag="880" ind1="1" ind2=" ">
            <marc:subfield code="6">100-01/$1</marc:subfield>
            <marc:subfield code="a">ミナミカワ, タカシ</marc:subfield>
          </marc:datafield>
          <marc:datafield tag="880" ind1="1" ind2=" ">
            <marc:subfield code="6">100-02/$1</marc:subfield>
            <marc:subfield code="a">クワヤマ, タダフミ</marc:subfield>
          </marc:datafield>
          <marc:datafield tag="880" ind1="1" ind2=" ">
            <marc:subfield code="6">100-03/$1</marc:subfield>
            <marc:subfield code="a">イノウエ, フミノリ</marc:subfield>
          </marc:datafield>
          <marc:datafield tag="880" ind1="1" ind2="0">
            <marc:subfield code="6">245-04/$1</marc:subfield>
            <marc:subfield code="a">ローマ コウテイ グンゾウ</marc:subfield>
          </marc:datafield>
          <marc:datafield tag="880" ind1="0" ind2=" ">
            <marc:subfield code="6">490-05/$1</marc:subfield>
            <marc:subfield code="a">セイヨウ コテン ソウショ</marc:subfield>
          </marc:datafield>
          <marc:datafield tag="880" ind1=" " ind2="7">
            <marc:subfield code="6">650-06/$1</marc:subfield>
            <marc:subfield code="a">ローマ(コダイ)</marc:subfield>
          </marc:datafield>
          <marc:datafield tag="880" ind1=" " ind2="7">
            <marc:subfield code="6">650-07/$1</marc:subfield>
            <marc:subfield code="a">デンキ -- ローマ(コダイ)</marc:subfield>
          </marc:datafield>
          <marc:datafield tag="880" ind1=" " ind2="7">
            <marc:subfield code="6">650-08/$1</marc:subfield>
            <marc:subfield code="a">テイオウ</marc:subfield>
          </marc:datafield>
          <marc:datafield tag="880" ind1=" " ind2="7">
            <marc:subfield code="6">650-09/$1</marc:subfield>
            <marc:subfield code="a">ローマ -- レキシ -- テイセイジダイ</marc:subfield>
          </marc:datafield>
          <marc:datafield tag="880" ind1=" " ind2="7">
            <marc:subfield code="6">650-10/$1</marc:subfield>
            <marc:subfield code="a">テイオウ -- ローマ</marc:subfield>
          </marc:datafield>
        </marc:record>
      </metadata>
    </record>