
    <record>
      <header>
        <identifier>oai:carli.illinois.edu:CARLIVoyager2/156</identifier>
        <datestamp>2011-10-21T15:25:34Z</datestamp>
        <setSpec>bib</setSpec>
      </header>
      <metadata>
        <marc:record xmlns:marc="http://www.loc.gov/MARC21/slim" xmlns:xsi="http://www.w3.org/2001/XMLSchema-instance" xsi:schemaLocation="http://www.loc.gov/MARC21/slim http://xc.ilcso.uiuc.edu:8080/OAIToolkit2/schema/MARC21slim_custom.xsd">
          <marc:leader>05323nam a2200793zi 4500</marc:leader>
          <marc:controlfield tag="001">BA66762241</marc:controlfield>
          <marc:controlfield tag="003">NII</marc:controlfield>
          <marc:controlfield tag="005">20110909142421.0</marc:controlfield>
          <marc:controlfield tag="007">ta </marc:controlfield>
          <marc:controlfield tag="008">090917s2004    ja ||||||b||||||||||jpn|d</marc:controlfield>
          <marc:datafield tag="016" ind1="7" ind2=" ">
            <marc:subfield code="a">BA66762241</marc:subfield>
            <marc:subfield code="2">JP-ToKJK</marc:subfield>
          </marc:datafield>
          <marc:datafield tag="040" ind1=" " ind2=" ">
            <marc:subfield code="a">NII</marc:subfield>
          </marc:datafield>
          <marc:datafield tag="041" ind1="0" ind2=" ">
            <marc:subfield code="a">jpn</marc:subfield>
          </marc:datafield>
          <marc:datafield tag="044" ind1=" " ind2=" ">
            <marc:subfield code="a">ja</marc:subfield>
            <marc:subfield code="5">NII</marc:subfield>
          </marc:datafield>
          <marc:datafield tag="100" ind1="1" ind2=" ">
            <marc:subfield code="6">880-01</marc:subfield>
            <marc:subfield code="a">小田富士雄先生退職記念事業会</marc:subfield>
          </marc:datafield>
          <marc:datafield tag="245" ind1="1" ind2="0">
            <marc:subfield code="a">福岡大学考古学論集</marc:subfield>
            <marc:subfield code="b">小田富士雄先生退職記念</marc:subfield>
            <marc:subfield code="c">小田富士雄先生退職記念事業会編集</marc:subfield>
            <marc:subfield code="6">880-02</marc:subfield>
          </marc:datafield>
          <marc:datafield tag="260" ind1=" " ind2=" ">
            <marc:subfield code="a">福岡</marc:subfield>
            <marc:subfield code="b">小田富士雄先生退職記念事業会</marc:subfield>
            <marc:subfield code="c">2004.3</marc:subfield>
          </marc:datafield>
          <marc:datafield tag="300" ind1=" " ind2=" ">
            <marc:subfield code="a">706p, 図版[1]枚</marc:subfield>
            <marc:subfield code="b">挿図, 地図</marc:subfield>
            <marc:subfield code="c">26cm</marc:subfield>
          </marc:datafield>
          <marc:datafield tag="500" ind1=" " ind2=" ">
            <marc:subfield code="a">小田富士雄の肖像あり</marc:subfield>
          </marc:datafield>
          <marc:datafield tag="500" ind1=" " ind2=" ">
            <marc:subfield code="a">タイトルは奥付による</marc:subfield>
          </marc:datafield>
          <marc:datafield tag="500" ind1=" " ind2=" ">
            <marc:subfield code="a">参考文献あり</marc:subfield>
          </marc:datafield>
          <marc:datafield tag="505" ind1="0" ind2="0">
            <marc:subfield code="t">文様からみた北部九州の押型文土器 : 川原田式土器と稲荷山式土器を中心として</marc:subfield>
            <marc:subfield code="r">奥村俊久著</marc:subfield>
          </marc:datafield>
          <marc:datafield tag="505" ind1="0" ind2="0">
            <marc:subfield code="t">福岡県内出土の土偶</marc:subfield>
            <marc:subfield code="r">小池史哲著</marc:subfield>
          </marc:datafield>
          <marc:datafield tag="505" ind1="0" ind2="0">
            <marc:subfield code="t">東北アジア先史時代の生業活動</marc:subfield>
            <marc:subfield code="r">甲元眞之著</marc:subfield>
          </marc:datafield>
          <marc:datafield tag="505" ind1="0" ind2="0">
            <marc:subfield code="t">北部九州と朝鮮半島南海岸地域の先史時代交流再考</marc:subfield>
            <marc:subfield code="r">宮本一夫著</marc:subfield>
          </marc:datafield>
          <marc:datafield tag="505" ind1="0" ind2="0">
            <marc:subfield code="t">前期無文土器の文様編年と地域相</marc:subfield>
            <marc:subfield code="r">安在晧, 千羨幸著</marc:subfield>
          </marc:datafield>
          <marc:datafield tag="505" ind1="0" ind2="0">
            <marc:subfield code="t">梨琴洞遺跡からみた松菊里文化の一断面</marc:subfield>
            <marc:subfield code="r">崔鍾圭著</marc:subfield>
          </marc:datafield>
          <marc:datafield tag="505" ind1="0" ind2="0">
            <marc:subfield code="t">遼寧粘土帯土器文化の韓半島定着過程</marc:subfield>
            <marc:subfield code="r">朴淳發著 ; 山本孝文訳</marc:subfield>
          </marc:datafield>
          <marc:datafield tag="505" ind1="0" ind2="0">
            <marc:subfield code="t">弥生時代前半期の暦年代 : 九州北部と朝鮮半島南部の併行関係から考える</marc:subfield>
            <marc:subfield code="r">武末純一著</marc:subfield>
          </marc:datafield>
          <marc:datafield tag="505" ind1="0" ind2="0">
            <marc:subfield code="t">水稲農耕導入期の灌漑技術 : 初期水田経営をめぐって</marc:subfield>
            <marc:subfield code="r">吉留秀敏著</marc:subfield>
          </marc:datafield>
          <marc:datafield tag="505" ind1="0" ind2="0">
            <marc:subfield code="t">多樋銅剣の系譜と意味</marc:subfield>
            <marc:subfield code="r">境靖紀著</marc:subfield>
          </marc:datafield>
          <marc:datafield tag="505" ind1="0" ind2="0">
            <marc:subfield code="t">ローマ時代後期ヴィラ出土の動物骨</marc:subfield>
            <marc:subfield code="r">伊藤美紀著</marc:subfield>
          </marc:datafield>
          <marc:datafield tag="505" ind1="0" ind2="0">
            <marc:subfield code="t">出雲玉作考</marc:subfield>
            <marc:subfield code="r">是田敦著</marc:subfield>
          </marc:datafield>
          <marc:datafield tag="505" ind1="0" ind2="0">
            <marc:subfield code="t">三国時代の墳形構成に関する研究 : 増築と連接様相を中心に</marc:subfield>
            <marc:subfield code="r">曺永鉉著</marc:subfield>
          </marc:datafield>
          <marc:datafield tag="505" ind1="0" ind2="0">
            <marc:subfield code="t">北部九州の脚台付製塩土器</marc:subfield>
            <marc:subfield code="r">平尾和久著</marc:subfield>
          </marc:datafield>
          <marc:datafield tag="505" ind1="0" ind2="0">
            <marc:subfield code="t">長崎県本土部の古式土師器 : 主に大村湾・有明海沿岸部地域を中心に</marc:subfield>
            <marc:subfield code="r">松尾尚哉著</marc:subfield>
          </marc:datafield>
          <marc:datafield tag="505" ind1="0" ind2="0">
            <marc:subfield code="t">釜山東萊貝塚出土の土師器系土器</marc:subfield>
            <marc:subfield code="r">洪潽植著</marc:subfield>
          </marc:datafield>
          <marc:datafield tag="505" ind1="0" ind2="0">
            <marc:subfield code="t">古代東アジア初期馬具の展開</marc:subfield>
            <marc:subfield code="r">柳昌煥著</marc:subfield>
          </marc:datafield>
          <marc:datafield tag="505" ind1="0" ind2="0">
            <marc:subfield code="t">西部慶南地域加耶古墳発見の倭系文物について</marc:subfield>
            <marc:subfield code="r">趙榮濟著</marc:subfield>
          </marc:datafield>
          <marc:datafield tag="505" ind1="0" ind2="0">
            <marc:subfield code="t">古墳墓壙構築技術の諸様相 : 肥前地域を中心に</marc:subfield>
            <marc:subfield code="r">筌瀬明宏著</marc:subfield>
          </marc:datafield>
          <marc:datafield tag="505" ind1="0" ind2="0">
            <marc:subfield code="t">首長墓造営地の移動と固定 : 畿内中心主義の克服に向けて</marc:subfield>
            <marc:subfield code="r">土生田純之著</marc:subfield>
          </marc:datafield>
          <marc:datafield tag="505" ind1="0" ind2="0">
            <marc:subfield code="t">群集墳の築造背景 : 竪穴式石槨墳から横穴式石室墳への移行過程</marc:subfield>
            <marc:subfield code="r">右島和夫著</marc:subfield>
          </marc:datafield>
          <marc:datafield tag="505" ind1="0" ind2="0">
            <marc:subfield code="t">博多湾沿岸地域の石室構築技術 : 後期古墳を中心に</marc:subfield>
            <marc:subfield code="r">津曲大祐著</marc:subfield>
          </marc:datafield>
          <marc:datafield tag="505" ind1="0" ind2="0">
            <marc:subfield code="t">山梔子形垂飾付耳飾とその背景</marc:subfield>
            <marc:subfield code="r">宇野愼敏著</marc:subfield>
          </marc:datafield>
          <marc:datafield tag="505" ind1="0" ind2="0">
            <marc:subfield code="t">「断続ナデ技法」円筒埴輪をもつ古墳の性格 : 福岡県粕屋町所在の真覚寺古墳と「糟屋屯倉」を中心に</marc:subfield>
            <marc:subfield code="r">井上義也著</marc:subfield>
          </marc:datafield>
          <marc:datafield tag="505" ind1="0" ind2="0">
            <marc:subfield code="t">鹿部田渕遺跡の官衙的大型建物群</marc:subfield>
            <marc:subfield code="r">甲斐孝司著</marc:subfield>
          </marc:datafield>
          <marc:datafield tag="505" ind1="0" ind2="0">
            <marc:subfield code="t">嶺縣主と水間君 : 稲荷塚古墳前方部の片袖横穴式石室に関連して</marc:subfield>
            <marc:subfield code="r">佐田茂著</marc:subfield>
          </marc:datafield>
          <marc:datafield tag="505" ind1="0" ind2="0">
            <marc:subfield code="t">筑前地域における滑石製模造品の製作遺跡</marc:subfield>
            <marc:subfield code="r">森井千賀子著</marc:subfield>
          </marc:datafield>
          <marc:datafield tag="505" ind1="0" ind2="0">
            <marc:subfield code="t">横穴墓と石室墳の関係 : 鞍手・宗像の事例から</marc:subfield>
            <marc:subfield code="r">井上勇也著</marc:subfield>
          </marc:datafield>
          <marc:datafield tag="505" ind1="0" ind2="0">
            <marc:subfield code="t">横口式石槨古墳の編年について : 終末期古墳研究ノート</marc:subfield>
            <marc:subfield code="r">下原幸裕著</marc:subfield>
          </marc:datafield>
          <marc:datafield tag="505" ind1="0" ind2="0">
            <marc:subfield code="t">南部九州古墳時代の火処 : 「土器利用炉」に着目して</marc:subfield>
            <marc:subfield code="r">今塩屋毅行著</marc:subfield>
          </marc:datafield>
          <marc:datafield tag="505" ind1="0" ind2="0">
            <marc:subfield code="t">豊前西部の渡来人 : 田川地域を中心に</marc:subfield>
            <marc:subfield code="r">亀田修一著</marc:subfield>
          </marc:datafield>
          <marc:datafield tag="505" ind1="0" ind2="0">
            <marc:subfield code="t">六連島式土器小考 : 長門国 (山口県西部域) 出土例を中心に</marc:subfield>
            <marc:subfield code="r">東哲志著</marc:subfield>
          </marc:datafield>
          <marc:datafield tag="505" ind1="0" ind2="0">
            <marc:subfield code="t">筑後における奈良時代以前の古瓦</marc:subfield>
            <marc:subfield code="r">片岡宏二著</marc:subfield>
          </marc:datafield>
          <marc:datafield tag="505" ind1="0" ind2="0">
            <marc:subfield code="t">壱岐嶋分寺の造営体制</marc:subfield>
            <marc:subfield code="r">山口亨著</marc:subfield>
          </marc:datafield>
          <marc:datafield tag="505" ind1="0" ind2="0">
            <marc:subfield code="t">長門国府の構造と形態</marc:subfield>
            <marc:subfield code="r">中原周一著</marc:subfield>
          </marc:datafield>
          <marc:datafield tag="505" ind1="0" ind2="0">
            <marc:subfield code="t">高麗墳墓編年に関するいくつかの問題</marc:subfield>
            <marc:subfield code="r">李熙濬著 ; 高田貫太訳</marc:subfield>
          </marc:datafield>
          <marc:datafield tag="505" ind1="0" ind2="0">
            <marc:subfield code="t">国東半島西部における中世前期陶磁器の一様相 : 豊後高田市域を中心に</marc:subfield>
            <marc:subfield code="r">佐藤信著</marc:subfield>
          </marc:datafield>
          <marc:datafield tag="505" ind1="0" ind2="0">
            <marc:subfield code="t">豊後中世城館考 : 佐伯荘内の地域相</marc:subfield>
            <marc:subfield code="r">五十川雄也著</marc:subfield>
          </marc:datafield>
          <marc:datafield tag="505" ind1="0" ind2="0">
            <marc:subfield code="t">殯再考</marc:subfield>
            <marc:subfield code="r">田中良之著</marc:subfield>
          </marc:datafield>
          <marc:datafield tag="505" ind1="0" ind2="0">
            <marc:subfield code="t">筒形銅器論</marc:subfield>
            <marc:subfield code="r">申敬澈著</marc:subfield>
          </marc:datafield>
          <marc:datafield tag="650" ind1=" " ind2="7">
            <marc:subfield code="6">880-03</marc:subfield>
            <marc:subfield code="a">小田, 富士雄</marc:subfield>
            <marc:subfield code="2">FREE</marc:subfield>
          </marc:datafield>
          <marc:datafield tag="740" ind1="0" ind2=" ">
            <marc:subfield code="a">福岡大学考古学論集</marc:subfield>
          </marc:datafield>
          <marc:datafield tag="852" ind1=" " ind2=" ">
            <marc:subfield code="a">九大(FA003454)</marc:subfield>
            <marc:subfield code="k">考古学/03/312</marc:subfield>
            <marc:subfield code="m">OTHER</marc:subfield>
            <marc:subfield code="b">Humanities and Social Sciences</marc:subfield>
            <marc:subfield code="x">Library</marc:subfield>
            <marc:subfield code="j">文 考古学</marc:subfield>
            <marc:subfield code="g">LETTERS, Archaeology</marc:subfield>
            <marc:subfield code="p">005112004003307</marc:subfield>
            <marc:subfield code="6">2004-07-07</marc:subfield>
            <marc:subfield code="i">AA205000</marc:subfield>
          </marc:datafield>
          <marc:datafield tag="852" ind1=" " ind2=" ">
            <marc:subfield code="a">九大理系(FA02289X)</marc:subfield>
            <marc:subfield code="k">210.025/O 17</marc:subfield>
            <marc:subfield code="m">NDC</marc:subfield>
            <marc:subfield code="b">Ito</marc:subfield>
            <marc:subfield code="x">Research room</marc:subfield>
            <marc:subfield code="j">比文 基層構造 共通</marc:subfield>
            <marc:subfield code="g">Social and Cultural Studies</marc:subfield>
            <marc:subfield code="p">058112004012046</marc:subfield>
            <marc:subfield code="6">2004-10-12</marc:subfield>
            <marc:subfield code="i">MA111400</marc:subfield>
          </marc:datafield>
          <marc:datafield tag="880" ind1="1" ind2=" ">
            <marc:subfield code="6">100-01/$1</marc:subfield>
            <marc:subfield code="a">オダ フジオ センセイ タイショク キネン ジギョウカイ</marc:subfield>
          </marc:datafield>
          <marc:datafield tag="880" ind1="1" ind2="0">
            <marc:subfield code="6">245-02/$1</marc:subfield>
            <marc:subfield code="a">フクオカ ダイガク コウコガク ロンシュウ : オダ フジオ センセイ タイショク キネン</marc:subfield>
          </marc:datafield>
          <marc:datafield tag="880" ind1=" " ind2="7">
            <marc:subfield code="6">650-03/$1</marc:subfield>
            <marc:subfield code="a">オダ, フジオ</marc:subfield>
          </marc:datafield>
        </marc:record>
      </metadata>
    </record>