
    <record>
      <header>
        <identifier>oai:carli.illinois.edu:CARLIVoyager2/159</identifier>
        <datestamp>2011-10-21T15:25:34Z</datestamp>
        <setSpec>bib</setSpec>
      </header>
      <metadata>
        <marc:record xmlns:marc="http://www.loc.gov/MARC21/slim" xmlns:xsi="http://www.w3.org/2001/XMLSchema-instance" xsi:schemaLocation="http://www.loc.gov/MARC21/slim http://xc.ilcso.uiuc.edu:8080/OAIToolkit2/schema/MARC21slim_custom.xsd">
          <marc:leader>08352nam a2201057zi 4500</marc:leader>
          <marc:controlfield tag="001">BA67166353</marc:controlfield>
          <marc:controlfield tag="003">NII</marc:controlfield>
          <marc:controlfield tag="005">20110909142421.0</marc:controlfield>
          <marc:controlfield tag="007">ta </marc:controlfield>
          <marc:controlfield tag="008">090917s2004    ja ||||||b||||||||||jpn|d</marc:controlfield>
          <marc:datafield tag="016" ind1="7" ind2=" ">
            <marc:subfield code="a">BA67166353</marc:subfield>
            <marc:subfield code="2">JP-ToKJK</marc:subfield>
          </marc:datafield>
          <marc:datafield tag="020" ind1=" " ind2=" ">
            <marc:subfield code="a">4947743212</marc:subfield>
            <marc:subfield code="c">10000円</marc:subfield>
          </marc:datafield>
          <marc:datafield tag="040" ind1=" " ind2=" ">
            <marc:subfield code="a">NII</marc:subfield>
          </marc:datafield>
          <marc:datafield tag="041" ind1="0" ind2=" ">
            <marc:subfield code="a">jpn</marc:subfield>
          </marc:datafield>
          <marc:datafield tag="044" ind1=" " ind2=" ">
            <marc:subfield code="a">ja</marc:subfield>
            <marc:subfield code="5">NII</marc:subfield>
          </marc:datafield>
          <marc:datafield tag="084" ind1=" " ind2=" ">
            <marc:subfield code="a">202.5</marc:subfield>
            <marc:subfield code="2">NDC8</marc:subfield>
          </marc:datafield>
          <marc:datafield tag="084" ind1=" " ind2=" ">
            <marc:subfield code="a">202.5</marc:subfield>
            <marc:subfield code="2">NDC9</marc:subfield>
          </marc:datafield>
          <marc:datafield tag="100" ind1="1" ind2=" ">
            <marc:subfield code="6">880-01</marc:subfield>
            <marc:subfield code="a">慶應義塾大学文学部民族学考古学研究室</marc:subfield>
            <marc:subfield code="0">(NII)DA12139835</marc:subfield>
          </marc:datafield>
          <marc:datafield tag="245" ind1="1" ind2="0">
            <marc:subfield code="a">時空をこえた対話</marc:subfield>
            <marc:subfield code="b">三田の考古学 : 慶應義塾大学民族学考古学専攻設立25周年記念論集</marc:subfield>
            <marc:subfield code="c">慶應義塾大学文学部民族学考古学研究室編</marc:subfield>
            <marc:subfield code="6">880-02</marc:subfield>
          </marc:datafield>
          <marc:datafield tag="260" ind1=" " ind2=" ">
            <marc:subfield code="a">東京</marc:subfield>
            <marc:subfield code="b">六一書房</marc:subfield>
            <marc:subfield code="c">2004.3</marc:subfield>
          </marc:datafield>
          <marc:datafield tag="300" ind1=" " ind2=" ">
            <marc:subfield code="a">375p</marc:subfield>
            <marc:subfield code="b">挿図, 地図</marc:subfield>
            <marc:subfield code="c">27cm</marc:subfield>
          </marc:datafield>
          <marc:datafield tag="500" ind1=" " ind2=" ">
            <marc:subfield code="a">参考文献あり</marc:subfield>
          </marc:datafield>
          <marc:datafield tag="505" ind1="0" ind2="0">
            <marc:subfield code="t">ローマ帝国のオリエント宗教と考古学</marc:subfield>
            <marc:subfield code="r">小川英雄著</marc:subfield>
          </marc:datafield>
          <marc:datafield tag="505" ind1="0" ind2="0">
            <marc:subfield code="t">サンゴ礁の原始</marc:subfield>
            <marc:subfield code="r">近森正著</marc:subfield>
          </marc:datafield>
          <marc:datafield tag="505" ind1="0" ind2="0">
            <marc:subfield code="t">民族学考古学専攻の25年</marc:subfield>
            <marc:subfield code="r">鈴木公雄著</marc:subfield>
          </marc:datafield>
          <marc:datafield tag="505" ind1="0" ind2="0">
            <marc:subfield code="t">更新世人類の「珊瑚礁の道」 : 南西諸島での更新世人類化石</marc:subfield>
            <marc:subfield code="r">高山博著</marc:subfield>
          </marc:datafield>
          <marc:datafield tag="505" ind1="0" ind2="0">
            <marc:subfield code="t">狩猟採集民文化の長期的変化と地域的多様性 : 「フォーレジングとコレクティングをこえて」所収の論考を中心として</marc:subfield>
            <marc:subfield code="r">羽生淳子著</marc:subfield>
          </marc:datafield>
          <marc:datafield tag="505" ind1="0" ind2="0">
            <marc:subfield code="t">住みよい環礁州島の条件 : マーシャル諸島マジュロ環礁の先史居住</marc:subfield>
            <marc:subfield code="r">山口徹著</marc:subfield>
          </marc:datafield>
          <marc:datafield tag="505" ind1="0" ind2="0">
            <marc:subfield code="t">琉球列島におけるサンゴ礁環境利用研究 : 漁撈活動復元研究を通して</marc:subfield>
            <marc:subfield code="r">名島弥生著</marc:subfield>
          </marc:datafield>
          <marc:datafield tag="505" ind1="0" ind2="0">
            <marc:subfield code="t">人と頁岩 : 二つの遺跡の検討から</marc:subfield>
            <marc:subfield code="r">阿部祥人著</marc:subfield>
          </marc:datafield>
          <marc:datafield tag="505" ind1="0" ind2="0">
            <marc:subfield code="t">東北地方日本海沿岸における石器石材の利用 : 東山系石刃石器群の分析から</marc:subfield>
            <marc:subfield code="r">渡辺丈彦著</marc:subfield>
          </marc:datafield>
          <marc:datafield tag="505" ind1="0" ind2="0">
            <marc:subfield code="t">旧石器製作過程におけるブランク形状と石材消費効率についての試論 : 目的剥片形状との関連を通して</marc:subfield>
            <marc:subfield code="r">米倉薫著</marc:subfield>
          </marc:datafield>
          <marc:datafield tag="505" ind1="0" ind2="0">
            <marc:subfield code="t">礫群と集石のあいだ : 埼玉県朝霞市泉水山・富士谷遺跡の資料より</marc:subfield>
            <marc:subfield code="r">古田幹著</marc:subfield>
          </marc:datafield>
          <marc:datafield tag="505" ind1="0" ind2="0">
            <marc:subfield code="t">石器研究の視角 : 利器としての剥片</marc:subfield>
            <marc:subfield code="r">藤山龍造著</marc:subfield>
          </marc:datafield>
          <marc:datafield tag="505" ind1="0" ind2="0">
            <marc:subfield code="t">九十九里浜旧椿海周辺の縄文丸木舟</marc:subfield>
            <marc:subfield code="r">山岸良ニ著</marc:subfield>
          </marc:datafield>
          <marc:datafield tag="505" ind1="0" ind2="0">
            <marc:subfield code="t">縄文時代中期の住居内配石について (再論)</marc:subfield>
            <marc:subfield code="r">佐野隆著</marc:subfield>
          </marc:datafield>
          <marc:datafield tag="505" ind1="0" ind2="0">
            <marc:subfield code="t">加曽利E4式土器における文様施文方法の変化に関する試論</marc:subfield>
            <marc:subfield code="r">合田恵美子著</marc:subfield>
          </marc:datafield>
          <marc:datafield tag="505" ind1="0" ind2="0">
            <marc:subfield code="t">千葉県山武姥山貝塚出土の縄文時代後期初頭土器について</marc:subfield>
            <marc:subfield code="r">稲村晃嗣著</marc:subfield>
          </marc:datafield>
          <marc:datafield tag="505" ind1="0" ind2="0">
            <marc:subfield code="t">環状貝塚に関する一視点 : 流山市三輪野山貝塚の事例から</marc:subfield>
            <marc:subfield code="r">大内千年著</marc:subfield>
          </marc:datafield>
          <marc:datafield tag="505" ind1="0" ind2="0">
            <marc:subfield code="t">岩版と岩偶の「岩」の用字について</marc:subfield>
            <marc:subfield code="r">稲野裕介著</marc:subfield>
          </marc:datafield>
          <marc:datafield tag="505" ind1="0" ind2="0">
            <marc:subfield code="t">岩版の周辺</marc:subfield>
            <marc:subfield code="r">稲野彰子著</marc:subfield>
          </marc:datafield>
          <marc:datafield tag="505" ind1="0" ind2="0">
            <marc:subfield code="t">出土点数から見た土偶祭祀 : 西日本の場合</marc:subfield>
            <marc:subfield code="r">藤村東男著</marc:subfield>
          </marc:datafield>
          <marc:datafield tag="505" ind1="0" ind2="0">
            <marc:subfield code="t">遮光器土偶前額部の「ノ字文」について</marc:subfield>
            <marc:subfield code="r">小林圭一著</marc:subfield>
          </marc:datafield>
          <marc:datafield tag="505" ind1="0" ind2="0">
            <marc:subfield code="t">ピッチ付着の編物用石錘</marc:subfield>
            <marc:subfield code="r">渡辺誠著</marc:subfield>
          </marc:datafield>
          <marc:datafield tag="505" ind1="0" ind2="0">
            <marc:subfield code="t">埼玉県の弥生系石剣</marc:subfield>
            <marc:subfield code="r">岡本孝之著</marc:subfield>
          </marc:datafield>
          <marc:datafield tag="505" ind1="0" ind2="0">
            <marc:subfield code="t">装飾須恵器小像群の世界</marc:subfield>
            <marc:subfield code="r">安藤広道著</marc:subfield>
          </marc:datafield>
          <marc:datafield tag="505" ind1="0" ind2="0">
            <marc:subfield code="t">羨門部に石積施設をもつ横穴墓について : 南関東の事例から</marc:subfield>
            <marc:subfield code="r">大西雅也著</marc:subfield>
          </marc:datafield>
          <marc:datafield tag="505" ind1="0" ind2="0">
            <marc:subfield code="t">陸奥国鎮守府胆沢城周辺の古代寺院の成立と展開</marc:subfield>
            <marc:subfield code="r">沼山源喜治著</marc:subfield>
          </marc:datafield>
          <marc:datafield tag="505" ind1="0" ind2="0">
            <marc:subfield code="t">中世瓦質土器と瓦についての小考 : 中世後期の茨城県内の事例から</marc:subfield>
            <marc:subfield code="r">比毛君男著</marc:subfield>
          </marc:datafield>
          <marc:datafield tag="505" ind1="0" ind2="0">
            <marc:subfield code="t">近世陶磁器における陶工の個人差 : 瀬戸磁器端反碗を中心に</marc:subfield>
            <marc:subfield code="r">森本伊知郎著</marc:subfield>
          </marc:datafield>
          <marc:datafield tag="505" ind1="0" ind2="0">
            <marc:subfield code="t">近世庚申塔の形態に対する多変量解析 : 東京近郊におけるB-1b類を事例として</marc:subfield>
            <marc:subfield code="r">石神裕之著</marc:subfield>
          </marc:datafield>
          <marc:datafield tag="505" ind1="0" ind2="0">
            <marc:subfield code="t">上宮田陣屋の考古学的研究に関する素描 : 三浦市大芝原遺跡・海防陣屋関連土塁をめぐる調査研究の現状</marc:subfield>
            <marc:subfield code="r">須田英一著</marc:subfield>
          </marc:datafield>
          <marc:datafield tag="505" ind1="0" ind2="0">
            <marc:subfield code="t">砥石のある風景 : ラオス北部に見る砥石の場所</marc:subfield>
            <marc:subfield code="r">神野信著</marc:subfield>
          </marc:datafield>
          <marc:datafield tag="505" ind1="0" ind2="0">
            <marc:subfield code="t">ガンダーラ北部域の仏教岩彫り群について : 現地考古調査に基づく考察</marc:subfield>
            <marc:subfield code="r">藤原達也著</marc:subfield>
          </marc:datafield>
          <marc:datafield tag="505" ind1="0" ind2="0">
            <marc:subfield code="t">bīt h̲ilāniとビート・ヒラニ型式</marc:subfield>
            <marc:subfield code="r">高田学著</marc:subfield>
          </marc:datafield>
          <marc:datafield tag="505" ind1="0" ind2="0">
            <marc:subfield code="t">イスラエル国エン・ゲヴ遺跡から出土したペルシャ時代からヘレニズム時代の土器 : 遺物データベースにもとづいて</marc:subfield>
            <marc:subfield code="r">牧野久実著</marc:subfield>
          </marc:datafield>
          <marc:datafield tag="505" ind1="0" ind2="0">
            <marc:subfield code="t">Clactonianインダストリーとは何か : 近年のClactonian論争を振り返る</marc:subfield>
            <marc:subfield code="r">水村直人著</marc:subfield>
          </marc:datafield>
          <marc:datafield tag="505" ind1="0" ind2="0">
            <marc:subfield code="t">遺物の創造力 : 伝説の生成に関わる遺構・遺物</marc:subfield>
            <marc:subfield code="r">櫻井準也著</marc:subfield>
          </marc:datafield>
          <marc:datafield tag="505" ind1="0" ind2="0">
            <marc:subfield code="t">神仏を祀る古代津軽のムラ</marc:subfield>
            <marc:subfield code="r">高杉博章著</marc:subfield>
          </marc:datafield>
          <marc:datafield tag="505" ind1="0" ind2="0">
            <marc:subfield code="t">トカラ列島平島の盆行事 : 20年の時をこえて</marc:subfield>
            <marc:subfield code="r">川崎史人著</marc:subfield>
          </marc:datafield>
          <marc:datafield tag="505" ind1="0" ind2="0">
            <marc:subfield code="t">殷後期から西周時代前期の金文をめぐって</marc:subfield>
            <marc:subfield code="r">蔀淳一著</marc:subfield>
          </marc:datafield>
          <marc:datafield tag="505" ind1="0" ind2="0">
            <marc:subfield code="t">神女列伝 : 中国古代における地母神の残像</marc:subfield>
            <marc:subfield code="r">森雅子著</marc:subfield>
          </marc:datafield>
          <marc:datafield tag="505" ind1="0" ind2="0">
            <marc:subfield code="t">社会主義体制の崩壊と脅かされる年長者の権威 : モンゴル国遊牧社会における陰暦二日の月を見ることを事例に</marc:subfield>
            <marc:subfield code="r">辛嶋博善著</marc:subfield>
          </marc:datafield>
          <marc:datafield tag="505" ind1="0" ind2="0">
            <marc:subfield code="t">インド起源の中国説話</marc:subfield>
            <marc:subfield code="r">高山純著</marc:subfield>
          </marc:datafield>
          <marc:datafield tag="505" ind1="0" ind2="0">
            <marc:subfield code="t">古代レヴァントの雄牛像 : 表象理解への一試論</marc:subfield>
            <marc:subfield code="r">杉本智俊著</marc:subfield>
          </marc:datafield>
          <marc:datafield tag="505" ind1="0" ind2="0">
            <marc:subfield code="t">旧約聖書に見られる楽器の音</marc:subfield>
            <marc:subfield code="r">小板橋又久著</marc:subfield>
          </marc:datafield>
          <marc:datafield tag="505" ind1="0" ind2="0">
            <marc:subfield code="t">古代南西アラビアの砂漠の神々 : ビィル・ヒマー地域の岩壁碑文研究から</marc:subfield>
            <marc:subfield code="r">徳永里砂著</marc:subfield>
          </marc:datafield>
          <marc:datafield tag="505" ind1="0" ind2="0">
            <marc:subfield code="t">新エジプト語の出現と文字言語の分化</marc:subfield>
            <marc:subfield code="r">永井正勝著</marc:subfield>
          </marc:datafield>
          <marc:datafield tag="505" ind1="0" ind2="0">
            <marc:subfield code="t">オートル・ボワイヤージュ誌のフランス人旅行文 : 差異と周縁の意識をつくるもの</marc:subfield>
            <marc:subfield code="r">滝波章弘著</marc:subfield>
          </marc:datafield>
          <marc:datafield tag="505" ind1="0" ind2="0">
            <marc:subfield code="t">「年を束ねる儀礼」 : 先スペイン期メシーカ人による伝統の解釈と再生産</marc:subfield>
            <marc:subfield code="r">井関睦美著</marc:subfield>
          </marc:datafield>
          <marc:datafield tag="505" ind1="0" ind2="0">
            <marc:subfield code="t">AMS14C年代測定と暦年較正を利用した縄紋中期の土器型式変化の時間</marc:subfield>
            <marc:subfield code="r">小林謙一著</marc:subfield>
          </marc:datafield>
          <marc:datafield tag="505" ind1="0" ind2="0">
            <marc:subfield code="t">古組織学 (Paleohistology) の考古学研究への応用</marc:subfield>
            <marc:subfield code="r">奈良貴史著</marc:subfield>
          </marc:datafield>
          <marc:datafield tag="505" ind1="0" ind2="0">
            <marc:subfield code="t">骨資料の特性と埋蔵の法則 : 動物考古学におけるタフォノミー研究の導入</marc:subfield>
            <marc:subfield code="r">鵜澤和宏著</marc:subfield>
          </marc:datafield>
          <marc:datafield tag="505" ind1="0" ind2="0">
            <marc:subfield code="t">動物考古学における年齢査定法のトリック : イノシシ類を題材に</marc:subfield>
            <marc:subfield code="r">姉崎智子著</marc:subfield>
          </marc:datafield>
          <marc:datafield tag="505" ind1="0" ind2="0">
            <marc:subfield code="t">“シカ送り"儀礼と二つの時間</marc:subfield>
            <marc:subfield code="r">佐藤孝雄著</marc:subfield>
          </marc:datafield>
          <marc:datafield tag="505" ind1="0" ind2="0">
            <marc:subfield code="t">「モノ」から「バケモノ」「ツクリモノ」へ : 近世日本における器物認識の物質文化研究試論</marc:subfield>
            <marc:subfield code="r">朽木量著</marc:subfield>
          </marc:datafield>
          <marc:datafield tag="505" ind1="0" ind2="0">
            <marc:subfield code="t">近現代考古学認識論 : 遺跡概念と他者表象</marc:subfield>
            <marc:subfield code="r">五十嵐彰著</marc:subfield>
          </marc:datafield>
          <marc:datafield tag="505" ind1="0" ind2="0">
            <marc:subfield code="t">考古学マネージメントとサービスの循環 : イギリス考古学のイヴェント風景から</marc:subfield>
            <marc:subfield code="r">杉本豪著</marc:subfield>
          </marc:datafield>
          <marc:datafield tag="505" ind1="0" ind2="0">
            <marc:subfield code="t">車田・車刈り再考 : ドイツにおける農耕習俗と習俗研究パラダイムの転換</marc:subfield>
            <marc:subfield code="r">法橋量著</marc:subfield>
          </marc:datafield>
          <marc:datafield tag="505" ind1="0" ind2="0">
            <marc:subfield code="t">モニュメント研究の動向 : 人類学を中心に</marc:subfield>
            <marc:subfield code="r">大石徹著</marc:subfield>
          </marc:datafield>
          <marc:datafield tag="505" ind1="0" ind2="0">
            <marc:subfield code="t">モノとしての復権 : ビーグルホール夫妻の「プカプカ民族誌」をめぐる覚書</marc:subfield>
            <marc:subfield code="r">棚橋訓著</marc:subfield>
          </marc:datafield>
          <marc:datafield tag="650" ind1=" " ind2="7">
            <marc:subfield code="6">880-03</marc:subfield>
            <marc:subfield code="a">考古学</marc:subfield>
            <marc:subfield code="2">BSH</marc:subfield>
          </marc:datafield>
          <marc:datafield tag="650" ind1=" " ind2="7">
            <marc:subfield code="6">880-04</marc:subfield>
            <marc:subfield code="a">文化人類学</marc:subfield>
            <marc:subfield code="2">BSH</marc:subfield>
          </marc:datafield>
          <marc:datafield tag="740" ind1="0" ind2=" ">
            <marc:subfield code="a">時空をこえた対話</marc:subfield>
          </marc:datafield>
          <marc:datafield tag="852" ind1=" " ind2=" ">
            <marc:subfield code="a">九大(FA003454)</marc:subfield>
            <marc:subfield code="k">考古学/03/307</marc:subfield>
            <marc:subfield code="m">OTHER</marc:subfield>
            <marc:subfield code="b">Humanities and Social Sciences</marc:subfield>
            <marc:subfield code="x">Library</marc:subfield>
            <marc:subfield code="j">文 考古学</marc:subfield>
            <marc:subfield code="g">LETTERS, Archaeology</marc:subfield>
            <marc:subfield code="p">005112004003551</marc:subfield>
            <marc:subfield code="f">4947743212</marc:subfield>
            <marc:subfield code="6">2004-07-07</marc:subfield>
            <marc:subfield code="i">AA205000</marc:subfield>
          </marc:datafield>
          <marc:datafield tag="852" ind1=" " ind2=" ">
            <marc:subfield code="a">九大理系(FA02289X)</marc:subfield>
            <marc:subfield code="k">202.5/Ke 26</marc:subfield>
            <marc:subfield code="m">NDC</marc:subfield>
            <marc:subfield code="b">Ito</marc:subfield>
            <marc:subfield code="x">Research room</marc:subfield>
            <marc:subfield code="j">比文 基層構造 共通</marc:subfield>
            <marc:subfield code="g">Social and Cultural Studies</marc:subfield>
            <marc:subfield code="p">058112004011956</marc:subfield>
            <marc:subfield code="f">4947743212</marc:subfield>
            <marc:subfield code="6">2004-10-12</marc:subfield>
            <marc:subfield code="i">MA111400</marc:subfield>
          </marc:datafield>
          <marc:datafield tag="880" ind1="1" ind2=" ">
            <marc:subfield code="6">100-01/$1</marc:subfield>
            <marc:subfield code="a">ケイオウ ギジュク ダイガク ブンガクブ ミンゾクガク コウコガク ケンキュウシツ</marc:subfield>
          </marc:datafield>
          <marc:datafield tag="880" ind1="1" ind2="0">
            <marc:subfield code="6">245-02/$1</marc:subfield>
            <marc:subfield code="a">ジクウ オ コエタ タイワ : ミタ ノ コウコガク : ケイオウ ギジュク ダイガク ミンゾクガク コウコガク センコウ セツリツ 25シュウネン キネン ロンシュウ</marc:subfield>
          </marc:datafield>
          <marc:datafield tag="880" ind1=" " ind2="7">
            <marc:subfield code="6">650-03/$1</marc:subfield>
            <marc:subfield code="a">コウコガク</marc:subfield>
          </marc:datafield>
          <marc:datafield tag="880" ind1=" " ind2="7">
            <marc:subfield code="6">650-04/$1</marc:subfield>
            <marc:subfield code="a">ブンカジンルイガク</marc:subfield>
          </marc:datafield>
        </marc:record>
      </metadata>
    </record>