
    <record>
      <header>
        <identifier>oai:carli.illinois.edu:CARLIVoyager2/189</identifier>
        <datestamp>2011-10-21T15:25:34Z</datestamp>
        <setSpec>bib</setSpec>
      </header>
      <metadata>
        <marc:record xmlns:marc="http://www.loc.gov/MARC21/slim" xmlns:xsi="http://www.w3.org/2001/XMLSchema-instance" xsi:schemaLocation="http://www.loc.gov/MARC21/slim http://xc.ilcso.uiuc.edu:8080/OAIToolkit2/schema/MARC21slim_custom.xsd">
          <marc:leader>16263nam a2201897zi 4500</marc:leader>
          <marc:controlfield tag="001">BA73466588</marc:controlfield>
          <marc:controlfield tag="003">NII</marc:controlfield>
          <marc:controlfield tag="005">20110909142427.0</marc:controlfield>
          <marc:controlfield tag="007">ta </marc:controlfield>
          <marc:controlfield tag="008">090918m20052007ja ||||||b||||||||||jpn|d</marc:controlfield>
          <marc:datafield tag="016" ind1="7" ind2=" ">
            <marc:subfield code="a">BA73466588</marc:subfield>
            <marc:subfield code="2">JP-ToKJK</marc:subfield>
          </marc:datafield>
          <marc:datafield tag="020" ind1=" " ind2=" ">
            <marc:subfield code="a">4106434113(第1巻: 小説1)</marc:subfield>
            <marc:subfield code="c">5000円+税</marc:subfield>
          </marc:datafield>
          <marc:datafield tag="020" ind1=" " ind2=" ">
            <marc:subfield code="a">4106434121(第2巻: 小説2)</marc:subfield>
            <marc:subfield code="c">5000円+税</marc:subfield>
          </marc:datafield>
          <marc:datafield tag="020" ind1=" " ind2=" ">
            <marc:subfield code="a">410643413X(第3巻: 小説3)</marc:subfield>
            <marc:subfield code="c">4600円+税</marc:subfield>
          </marc:datafield>
          <marc:datafield tag="020" ind1=" " ind2=" ">
            <marc:subfield code="a">4106434148(第4巻: 小説4)</marc:subfield>
            <marc:subfield code="c">5000円+税</marc:subfield>
          </marc:datafield>
          <marc:datafield tag="020" ind1=" " ind2=" ">
            <marc:subfield code="a">4106434156(第5巻: 小説5)</marc:subfield>
            <marc:subfield code="c">5000円+税</marc:subfield>
          </marc:datafield>
          <marc:datafield tag="020" ind1=" " ind2=" ">
            <marc:subfield code="a">4106434164(第6巻: 小説6)</marc:subfield>
            <marc:subfield code="c">5000円+税</marc:subfield>
          </marc:datafield>
          <marc:datafield tag="020" ind1=" " ind2=" ">
            <marc:subfield code="a">4106434172(第7巻: 小説7)</marc:subfield>
            <marc:subfield code="c">5000円+税</marc:subfield>
          </marc:datafield>
          <marc:datafield tag="020" ind1=" " ind2=" ">
            <marc:subfield code="a">4106434180(第8巻: 小説8)</marc:subfield>
            <marc:subfield code="c">5000円+税</marc:subfield>
          </marc:datafield>
          <marc:datafield tag="020" ind1=" " ind2=" ">
            <marc:subfield code="a">4106434199(第9巻: 小説9)</marc:subfield>
            <marc:subfield code="c">4600円+税</marc:subfield>
          </marc:datafield>
          <marc:datafield tag="020" ind1=" " ind2=" ">
            <marc:subfield code="a">4106434202(第10巻: 小説10)</marc:subfield>
            <marc:subfield code="c">4600円+税</marc:subfield>
          </marc:datafield>
          <marc:datafield tag="020" ind1=" " ind2=" ">
            <marc:subfield code="a">4106434210(第11巻: 評伝1)</marc:subfield>
            <marc:subfield code="c">5400円+税</marc:subfield>
          </marc:datafield>
          <marc:datafield tag="020" ind1=" " ind2=" ">
            <marc:subfield code="a">4106434229(第12巻: 評伝2)</marc:subfield>
            <marc:subfield code="c">4600円+税</marc:subfield>
          </marc:datafield>
          <marc:datafield tag="020" ind1=" " ind2=" ">
            <marc:subfield code="a">4106434237(第13巻: 評伝3)</marc:subfield>
            <marc:subfield code="c">4600円+税</marc:subfield>
          </marc:datafield>
          <marc:datafield tag="020" ind1=" " ind2=" ">
            <marc:subfield code="a">4106434245(第14巻: 評伝4)</marc:subfield>
            <marc:subfield code="c">4600円(税別)</marc:subfield>
          </marc:datafield>
          <marc:datafield tag="020" ind1=" " ind2=" ">
            <marc:subfield code="a">4106434253(第15巻: 評伝5)</marc:subfield>
            <marc:subfield code="c">4600円(税別)</marc:subfield>
          </marc:datafield>
          <marc:datafield tag="020" ind1=" " ind2=" ">
            <marc:subfield code="a">4106434261(第16巻: エッセイ1)</marc:subfield>
            <marc:subfield code="c">4600円(税別)</marc:subfield>
          </marc:datafield>
          <marc:datafield tag="020" ind1=" " ind2=" ">
            <marc:subfield code="a">410643427X(第17巻: エッセイ2)</marc:subfield>
            <marc:subfield code="c">5000円(税別)</marc:subfield>
          </marc:datafield>
          <marc:datafield tag="020" ind1=" " ind2=" ">
            <marc:subfield code="a">9784106434280(第18巻: エッセイ3)</marc:subfield>
            <marc:subfield code="c">4600円(税別)</marc:subfield>
          </marc:datafield>
          <marc:datafield tag="020" ind1=" " ind2=" ">
            <marc:subfield code="a">9784106434297(第19巻: エッセイ4)</marc:subfield>
            <marc:subfield code="c">4600円(税別)</marc:subfield>
          </marc:datafield>
          <marc:datafield tag="020" ind1=" " ind2=" ">
            <marc:subfield code="a">9784106434303(第20巻: エッセイ5)</marc:subfield>
            <marc:subfield code="c">5400円(税別)</marc:subfield>
          </marc:datafield>
          <marc:datafield tag="040" ind1=" " ind2=" ">
            <marc:subfield code="a">NII</marc:subfield>
          </marc:datafield>
          <marc:datafield tag="041" ind1="0" ind2=" ">
            <marc:subfield code="a">jpn</marc:subfield>
          </marc:datafield>
          <marc:datafield tag="044" ind1=" " ind2=" ">
            <marc:subfield code="a">ja</marc:subfield>
            <marc:subfield code="5">NII</marc:subfield>
          </marc:datafield>
          <marc:datafield tag="084" ind1=" " ind2=" ">
            <marc:subfield code="a">918.68</marc:subfield>
            <marc:subfield code="2">NDC8</marc:subfield>
          </marc:datafield>
          <marc:datafield tag="084" ind1=" " ind2=" ">
            <marc:subfield code="a">918.68</marc:subfield>
            <marc:subfield code="2">NDC9</marc:subfield>
          </marc:datafield>
          <marc:datafield tag="100" ind1="1" ind2=" ">
            <marc:subfield code="6">880-01</marc:subfield>
            <marc:subfield code="a">阿川, 弘之(1920-)</marc:subfield>
            <marc:subfield code="0">(NII)DA00042055</marc:subfield>
          </marc:datafield>
          <marc:datafield tag="245" ind1="1" ind2="0">
            <marc:subfield code="a">阿川弘之全集</marc:subfield>
            <marc:subfield code="c">阿川弘之著</marc:subfield>
            <marc:subfield code="6">880-02</marc:subfield>
          </marc:datafield>
          <marc:datafield tag="260" ind1=" " ind2=" ">
            <marc:subfield code="a">東京</marc:subfield>
            <marc:subfield code="b">新潮社</marc:subfield>
            <marc:subfield code="c">2005.8-2007.3</marc:subfield>
          </marc:datafield>
          <marc:datafield tag="300" ind1=" " ind2=" ">
            <marc:subfield code="a">20冊</marc:subfield>
            <marc:subfield code="b">図版</marc:subfield>
            <marc:subfield code="c">20cm</marc:subfield>
          </marc:datafield>
          <marc:datafield tag="500" ind1=" " ind2=" ">
            <marc:subfield code="a">著作目録: 第20巻: p[669]-740</marc:subfield>
          </marc:datafield>
          <marc:datafield tag="500" ind1=" " ind2=" ">
            <marc:subfield code="a">著者の肖像あり</marc:subfield>
          </marc:datafield>
          <marc:datafield tag="500" ind1=" " ind2=" ">
            <marc:subfield code="a">第17巻の内容: 奇人狐狸庵, 私の中の日本人, 土佐日記, 遊び, 最後のコックピット, 蔣介石の死, 鮎の宿, 東郷元帥の功罪, 桃の宿, 暗号の話, 有吉佐和子, 山本聯合艦隊司令長官閣下, 南蛮阿房列車, 直井潔著「一縷の川」, 秋山加代著「辛夷の花」小泉タエ著「届かなかった手紙」, 蒸気機関車運転記, 論語知らずの論語読み, 異人さんの友だち, せんじんマンボウ, 深田祐介著「新西洋事情」, 「万葉幻視考」を読む, 作品後記, ダイヤモンドは砂の中, 菊の別れ, 女王陛下の阿房船, 三日月さんの顔, 分り易さ, 葬式鰻, 広津桃子著「父広津和郎」, なつかしの大連航路, 南蛮阿房第2列車, 対談 : 鉄道は国家なり / 原武史, 阿川弘之対談</marc:subfield>
          </marc:datafield>
          <marc:datafield tag="500" ind1=" " ind2=" ">
            <marc:subfield code="a">第18巻の内容: 鎌倉横浜ホノルル, 一軍人の死, 翔んでる中国, 志賀直哉夫人の死, あくび指南書, 卵を売る歌人, 崖の上のピアニスト, 風々録, しくしくししきしけれ, 青い眼の長門艦長, 映画「東京裁判」, 新ドナウ源流行, 新聞ぎらひ, 笑ひの欠落, 大歳克衛のこと, やえもん組立工事, 宇品湾頭雲はるか, 広瀬武夫余話, 早くつぶれてほしい, 田村の大人, 辻静雄著「新・パリの居酒屋」, 清春村の白樺二世, 憧れの特急「富士」, 丹羽文雄氏への質問状, 静かな日本, 瀧井孝作先生追悼, 尾崎さんの思ひ出二つ, 眞鍋呉夫著「黄金伝説」, 紅葉狩, 伯耆大山分けの茶屋, 梅原龍三郎画伯追悼, 下関今昔, 大ぼけ小ぼけ, 森の宿, 日本語を見限らざるの弁, 山本夏彦著「恋に似たもの」, 「斎藤茂吉随筆集」, 東西東西, キリギリスの本, まつ白カレンダー, 四十年目の上海港, 現代文明への問題堤起, Sunset, 06:39 GMT, 我らが矢山, ブルー・ハワイ, オーギュスト・ルノワール「泉による女」, 平生の心がけ, 安土考, 類ひ稀な二十世紀の名君, 広津桃子さん追悼, 巻を措く能はず, 人間天皇の微笑, 短かかりし日, 鯨の処女航海, ラトビアの思ひ出, 比婆山紀行, 夢の中の草野心平, 早すぎた終焉, 廃墟の桜, 柴錬の処女作, 駆逐艦が客船に化けた話, 桜田門外, 雪の進軍, 奈良青天, 萬年随筆, 読書航海日誌, 蘆溝暁月, ドービニーの庭, 拝啓ミッテラン大統領閣下, 躁の宗吉が描いた茂吉像, 山の向ふの墓所, 上野の天気, 北京の怪, イスタンブールの熊, 七十の手習ひ, 六十の手習ひ, 地下鉄物語, 五十年目の手旗信号, 噂供養, 「カピ」と「タルト」, 百間先生置き薬説, ひらひらするのは何ぢやいな, 原稿を燃す話, 小さな真実, ガダルカナル土産話, 「ドリトル先生」で偲ぶ井伏さん, 橋本学といふ学問, 負け犬太郎, 対談 豪華船で世界を巡る愉しみ / 平岩弓枝, 阿川弘之対談</marc:subfield>
          </marc:datafield>
          <marc:datafield tag="500" ind1=" " ind2=" ">
            <marc:subfield code="a">第20巻: エッセイ5年譜著作目録ほか</marc:subfield>
          </marc:datafield>
          <marc:datafield tag="500" ind1=" " ind2=" ">
            <marc:subfield code="a">著書目録: 第20巻: p[741]-770</marc:subfield>
          </marc:datafield>
          <marc:datafield tag="500" ind1=" " ind2=" ">
            <marc:subfield code="a">第19巻の内容: 菊池寛と志賀直哉, 娘の学校, 爺いが新年の愚痴, 奥能登紀行, 八ミリ映画の歌右衛門丈, 吉行淳之介あて書簡, 眼こごと, 最晩年の谷崎潤一郎, 兼好式部の縁つづき, 追懐 淳之介との四十年, 青山に眠る「白樺」の作家たち, ホノルル便り, 網野菊著「ゆれる葦」, 幸田文さんの思ひ出, 福田恆存さん追悼, 大岡さんと私, 「高松宮日記編纂記前篇, 「高松宮日記編纂記後篇, パナマの沖の小島の話, 「楯立つらしも」考, 平川祐弘著「米国大統領への手紙」, 昭和十六年十二月八日, 水の恵み, 金田浩一呂著「恐妻家日記」, 提督が喧嘩をした話, 司馬遼太郎追想, とりとめもない感想, 眠れ狐狸庵, 満員電車の中で, 米内さんの書, 芹沢光治良さんの憶ひ出, ヤルタへの船旅, 半藤一利著「戦士の遺書」解説, 私の汽車旅讃歌, 茂吉晩年の一首, 「高松宮日記」完結余話, 直井潔追悼, 井伏鱒二生誕百年記念展, 志賀直哉交友録, セント・アイヴス紀行, わが友吉行東尋坊, 故園黄葉, 伊香保温泉・蘆花・直哉, 馬鹿犬賢太郎, 辞書を読む, 小山清の結婚記念写真, 年の始めのためしとて, 受勲異聞, 昭和天皇の思ひ出, 桜の下の平家琵琶, くらやみ阿房列車, 無神論作家の宗教観, マンボウ先生のお人柄, 葭の髄から, 対談 文士と殿様 / 細川護貞, 阿川弘之対談</marc:subfield>
          </marc:datafield>
          <marc:datafield tag="500" ind1=" " ind2=" ">
            <marc:subfield code="a">年譜: 第20巻: p[643]-667</marc:subfield>
          </marc:datafield>
          <marc:datafield tag="500" ind1=" " ind2=" ">
            <marc:subfield code="a">第16巻の内容: 瀬戸内海縦断の旅, 特急「かもめ」, 酵母の欠乏, 可部線の思ひ出, 船旅のおすすめ, 僕は特急の機関士, にせ車掌の記, アメリカ大陸を自動車で横断する, ホノルルまで, 汽車のアルバム, 東北国道二千キロ, ゴア紀行, 北杜夫著「どくとるマンボウ航海記」, 京都の萬葉学者と私, 小山清の死, メートル法強制, 「あゝ同期の桜」に寄せる, 私のソロモン紀行, 余命と無常感, 山本五十六の足跡, 小泉さんと海軍, 趣味のすすめ, ウォール街の新聞売り, 苦笑ひの別れ, 最後の海軍大将, ほんとの軍歌はきかれなくなつた, 私記キスカ撤退, 三島由紀夫の思ひ出, 内田百間著「日没閉門」, 長官訓辞, 不思議な木鐸, 志賀直哉と川端康成, ペンと川端さん, 末つ子命名記, 百間讃, 直哉のタスキ, 一編集者の死, 獅子文六, 死にたくなる, トイレ考, 十万円の古本, 四季の味, 湖北慕情, 古手紙の山の中から, 「寒雲」と私, 柳はみどり, 娘教育, 尾崎一雄著「四角な机・丸い机」, 習字のけいこ, 蛙の合唱, 井伏鱒二著「小黒坂の猪」, 室生寺ふたたび, ビキニ紀行, 対談 : 白樺派の人々 / 中川一政, 阿川弘之対談</marc:subfield>
          </marc:datafield>
          <marc:datafield tag="500" ind1=" " ind2=" ">
            <marc:subfield code="a">第20巻の内容: 食味風々録, 論語を読む, 至人ハコレ常, 第二特務艦隊地中海遠征記, 佐伯彰一著「回想」を読む, いぎたない, 蛇崩遊歩道, 三千通の古手紙, 「菊と葵のものがたり」, 「大人の文学」の味ひ, 四十四年目のマンボウ航路, 宮脇俊三さんを悼む, 人やさき犬やさき, つまみ食ひの味, 五里霧中, 世界最古の王室, 妃殿下、ハワイの休日, クックス博士の思ひ出, 蘆花と軍歌, 駅前のルオー旧居, 贋々作を書かざるの記, エレガントな象, 対談 君は、うちのカレーを「竹」の「中」だと悪口言った / 倉本聡, 阿川弘之対談</marc:subfield>
          </marc:datafield>
          <marc:datafield tag="505" ind1="0" ind2="0">
            <marc:subfield code="g">第1巻</marc:subfield>
            <marc:subfield code="t">年年歳歳</marc:subfield>
          </marc:datafield>
          <marc:datafield tag="505" ind1="0" ind2="0">
            <marc:subfield code="t">霊三題</marc:subfield>
          </marc:datafield>
          <marc:datafield tag="505" ind1="0" ind2="0">
            <marc:subfield code="t">巣立ち</marc:subfield>
          </marc:datafield>
          <marc:datafield tag="505" ind1="0" ind2="0">
            <marc:subfield code="t">八月六日</marc:subfield>
          </marc:datafield>
          <marc:datafield tag="505" ind1="0" ind2="0">
            <marc:subfield code="t">修介</marc:subfield>
          </marc:datafield>
          <marc:datafield tag="505" ind1="0" ind2="0">
            <marc:subfield code="t">蝙蝠</marc:subfield>
          </marc:datafield>
          <marc:datafield tag="505" ind1="0" ind2="0">
            <marc:subfield code="t">胡媚娘</marc:subfield>
          </marc:datafield>
          <marc:datafield tag="505" ind1="0" ind2="0">
            <marc:subfield code="t">光の潮</marc:subfield>
          </marc:datafield>
          <marc:datafield tag="505" ind1="0" ind2="0">
            <marc:subfield code="t">修介の年末</marc:subfield>
          </marc:datafield>
          <marc:datafield tag="505" ind1="0" ind2="0">
            <marc:subfield code="t">千日酒</marc:subfield>
          </marc:datafield>
          <marc:datafield tag="505" ind1="0" ind2="0">
            <marc:subfield code="t">江南楊柳</marc:subfield>
          </marc:datafield>
          <marc:datafield tag="505" ind1="0" ind2="0">
            <marc:subfield code="t">こけし</marc:subfield>
          </marc:datafield>
          <marc:datafield tag="505" ind1="0" ind2="0">
            <marc:subfield code="t">春の城</marc:subfield>
          </marc:datafield>
          <marc:datafield tag="505" ind1="0" ind2="0">
            <marc:subfield code="g">第2巻</marc:subfield>
            <marc:subfield code="t">赤い自転車</marc:subfield>
          </marc:datafield>
          <marc:datafield tag="505" ind1="0" ind2="0">
            <marc:subfield code="t">鱸とをこぜ</marc:subfield>
          </marc:datafield>
          <marc:datafield tag="505" ind1="0" ind2="0">
            <marc:subfield code="t">花吹雪</marc:subfield>
          </marc:datafield>
          <marc:datafield tag="505" ind1="0" ind2="0">
            <marc:subfield code="t">煙管</marc:subfield>
          </marc:datafield>
          <marc:datafield tag="505" ind1="0" ind2="0">
            <marc:subfield code="t">魔の遺産</marc:subfield>
          </marc:datafield>
          <marc:datafield tag="505" ind1="0" ind2="0">
            <marc:subfield code="t">野藤</marc:subfield>
          </marc:datafield>
          <marc:datafield tag="505" ind1="0" ind2="0">
            <marc:subfield code="t">青竹のはなし</marc:subfield>
          </marc:datafield>
          <marc:datafield tag="505" ind1="0" ind2="0">
            <marc:subfield code="t">雲の墓標</marc:subfield>
          </marc:datafield>
          <marc:datafield tag="505" ind1="0" ind2="0">
            <marc:subfield code="t">夜の波音</marc:subfield>
          </marc:datafield>
          <marc:datafield tag="505" ind1="0" ind2="0">
            <marc:subfield code="t">童女</marc:subfield>
          </marc:datafield>
          <marc:datafield tag="505" ind1="0" ind2="0">
            <marc:subfield code="t">南蛮菓子</marc:subfield>
          </marc:datafield>
          <marc:datafield tag="505" ind1="0" ind2="0">
            <marc:subfield code="g">第3巻</marc:subfield>
            <marc:subfield code="t">坂の多い町</marc:subfield>
          </marc:datafield>
          <marc:datafield tag="505" ind1="0" ind2="0">
            <marc:subfield code="t">ローマの雨</marc:subfield>
          </marc:datafield>
          <marc:datafield tag="505" ind1="0" ind2="0">
            <marc:subfield code="t">亭主素描</marc:subfield>
          </marc:datafield>
          <marc:datafield tag="505" ind1="0" ind2="0">
            <marc:subfield code="t">クレヨンの絵</marc:subfield>
          </marc:datafield>
          <marc:datafield tag="505" ind1="0" ind2="0">
            <marc:subfield code="t">順ちやんさと秋ちやんさ</marc:subfield>
          </marc:datafield>
          <marc:datafield tag="505" ind1="0" ind2="0">
            <marc:subfield code="t">紺絣鬼縁起</marc:subfield>
          </marc:datafield>
          <marc:datafield tag="505" ind1="0" ind2="0">
            <marc:subfield code="t">詐欺の多い町</marc:subfield>
          </marc:datafield>
          <marc:datafield tag="505" ind1="0" ind2="0">
            <marc:subfield code="t">汁粉屋善兵衛</marc:subfield>
          </marc:datafield>
          <marc:datafield tag="505" ind1="0" ind2="0">
            <marc:subfield code="t">友をえらばば</marc:subfield>
          </marc:datafield>
          <marc:datafield tag="505" ind1="0" ind2="0">
            <marc:subfield code="t">カリフォルニヤ</marc:subfield>
          </marc:datafield>
          <marc:datafield tag="505" ind1="0" ind2="0">
            <marc:subfield code="t">スパニエル幻想</marc:subfield>
          </marc:datafield>
          <marc:datafield tag="505" ind1="0" ind2="0">
            <marc:subfield code="g">第4巻</marc:subfield>
            <marc:subfield code="t">花のねむり</marc:subfield>
          </marc:datafield>
          <marc:datafield tag="505" ind1="0" ind2="0">
            <marc:subfield code="t">青葉の翳り</marc:subfield>
          </marc:datafield>
          <marc:datafield tag="505" ind1="0" ind2="0">
            <marc:subfield code="t">冷蔵庫</marc:subfield>
          </marc:datafield>
          <marc:datafield tag="505" ind1="0" ind2="0">
            <marc:subfield code="t">変らぬ友</marc:subfield>
          </marc:datafield>
          <marc:datafield tag="505" ind1="0" ind2="0">
            <marc:subfield code="t">野におけ</marc:subfield>
          </marc:datafield>
          <marc:datafield tag="505" ind1="0" ind2="0">
            <marc:subfield code="t">古いトランク</marc:subfield>
          </marc:datafield>
          <marc:datafield tag="505" ind1="0" ind2="0">
            <marc:subfield code="t">黄ばむ</marc:subfield>
          </marc:datafield>
          <marc:datafield tag="505" ind1="0" ind2="0">
            <marc:subfield code="t">歪んだ自画像</marc:subfield>
          </marc:datafield>
          <marc:datafield tag="505" ind1="0" ind2="0">
            <marc:subfield code="t">無病息災</marc:subfield>
          </marc:datafield>
          <marc:datafield tag="505" ind1="0" ind2="0">
            <marc:subfield code="t">水の上の会話</marc:subfield>
          </marc:datafield>
          <marc:datafield tag="505" ind1="0" ind2="0">
            <marc:subfield code="t">軍艦ポルカ</marc:subfield>
          </marc:datafield>
          <marc:datafield tag="505" ind1="0" ind2="0">
            <marc:subfield code="t">影</marc:subfield>
          </marc:datafield>
          <marc:datafield tag="505" ind1="0" ind2="0">
            <marc:subfield code="t">舷燈</marc:subfield>
          </marc:datafield>
          <marc:datafield tag="505" ind1="0" ind2="0">
            <marc:subfield code="t">ひとり娘</marc:subfield>
          </marc:datafield>
          <marc:datafield tag="505" ind1="0" ind2="0">
            <marc:subfield code="t">浴室</marc:subfield>
          </marc:datafield>
          <marc:datafield tag="505" ind1="0" ind2="0">
            <marc:subfield code="t">空港風景</marc:subfield>
          </marc:datafield>
          <marc:datafield tag="505" ind1="0" ind2="0">
            <marc:subfield code="t">末つ子</marc:subfield>
          </marc:datafield>
          <marc:datafield tag="505" ind1="0" ind2="0">
            <marc:subfield code="g">第5巻</marc:subfield>
            <marc:subfield code="t">暗い波涛</marc:subfield>
          </marc:datafield>
          <marc:datafield tag="505" ind1="0" ind2="0">
            <marc:subfield code="t">昭和史と私</marc:subfield>
            <marc:subfield code="r">深田祐介, 阿川弘之対談</marc:subfield>
          </marc:datafield>
          <marc:datafield tag="505" ind1="0" ind2="0">
            <marc:subfield code="g">第6巻</marc:subfield>
            <marc:subfield code="t">暗い波涛</marc:subfield>
          </marc:datafield>
          <marc:datafield tag="505" ind1="0" ind2="0">
            <marc:subfield code="t">舶来型海軍と大和民族型陸軍</marc:subfield>
            <marc:subfield code="r">安岡章太郎, 阿川弘之対談</marc:subfield>
          </marc:datafield>
          <marc:datafield tag="505" ind1="0" ind2="0">
            <marc:subfield code="g">第7巻</marc:subfield>
            <marc:subfield code="t">軍艦長門の生涯</marc:subfield>
          </marc:datafield>
          <marc:datafield tag="505" ind1="0" ind2="0">
            <marc:subfield code="t">昭和史の明と暗</marc:subfield>
            <marc:subfield code="r">半藤一利, 阿川弘之対談</marc:subfield>
          </marc:datafield>
          <marc:datafield tag="505" ind1="0" ind2="0">
            <marc:subfield code="g">第8巻</marc:subfield>
            <marc:subfield code="t">軍艦長門の生涯</marc:subfield>
          </marc:datafield>
          <marc:datafield tag="505" ind1="0" ind2="0">
            <marc:subfield code="t">対談 : 兵どもが夢の跡</marc:subfield>
            <marc:subfield code="r">大岡昇平, 阿川弘之談</marc:subfield>
          </marc:datafield>
          <marc:datafield tag="505" ind1="0" ind2="0">
            <marc:subfield code="g">第9巻</marc:subfield>
            <marc:subfield code="t">末の末つ子</marc:subfield>
          </marc:datafield>
          <marc:datafield tag="505" ind1="0" ind2="0">
            <marc:subfield code="t">対談 : 酔生夢死か、起死回生か。</marc:subfield>
            <marc:subfield code="r">北杜夫, 阿川弘之談</marc:subfield>
          </marc:datafield>
          <marc:datafield tag="505" ind1="0" ind2="0">
            <marc:subfield code="g">第10巻</marc:subfield>
            <marc:subfield code="t">花馬湾</marc:subfield>
          </marc:datafield>
          <marc:datafield tag="505" ind1="0" ind2="0">
            <marc:subfield code="t">翠園酒家</marc:subfield>
          </marc:datafield>
          <marc:datafield tag="505" ind1="0" ind2="0">
            <marc:subfield code="t">桃の雨</marc:subfield>
          </marc:datafield>
          <marc:datafield tag="505" ind1="0" ind2="0">
            <marc:subfield code="t">十国峠</marc:subfield>
          </marc:datafield>
          <marc:datafield tag="505" ind1="0" ind2="0">
            <marc:subfield code="t">テムズの水</marc:subfield>
          </marc:datafield>
          <marc:datafield tag="505" ind1="0" ind2="0">
            <marc:subfield code="t">黒い煎餅</marc:subfield>
          </marc:datafield>
          <marc:datafield tag="505" ind1="0" ind2="0">
            <marc:subfield code="t">さくらの寺</marc:subfield>
          </marc:datafield>
          <marc:datafield tag="505" ind1="0" ind2="0">
            <marc:subfield code="t">夏どろ</marc:subfield>
          </marc:datafield>
          <marc:datafield tag="505" ind1="0" ind2="0">
            <marc:subfield code="t">イギリスの梅干</marc:subfield>
          </marc:datafield>
          <marc:datafield tag="505" ind1="0" ind2="0">
            <marc:subfield code="t">賢い伝書鳩</marc:subfield>
          </marc:datafield>
          <marc:datafield tag="505" ind1="0" ind2="0">
            <marc:subfield code="t">花がたみ</marc:subfield>
          </marc:datafield>
          <marc:datafield tag="505" ind1="0" ind2="0">
            <marc:subfield code="t">鮨</marc:subfield>
          </marc:datafield>
          <marc:datafield tag="505" ind1="0" ind2="0">
            <marc:subfield code="t">亡き母や</marc:subfield>
          </marc:datafield>
          <marc:datafield tag="505" ind1="0" ind2="0">
            <marc:subfield code="t">初期習作</marc:subfield>
          </marc:datafield>
          <marc:datafield tag="505" ind1="0" ind2="0">
            <marc:subfield code="t">対談 : わが文学生活</marc:subfield>
            <marc:subfield code="r">眞鍋呉夫, 阿川弘之談</marc:subfield>
          </marc:datafield>
          <marc:datafield tag="505" ind1="0" ind2="0">
            <marc:subfield code="g">第11巻</marc:subfield>
            <marc:subfield code="t">山本五十六</marc:subfield>
          </marc:datafield>
          <marc:datafield tag="505" ind1="0" ind2="0">
            <marc:subfield code="t">対談 : 真珠湾攻撃から五十年</marc:subfield>
            <marc:subfield code="r">西木正明, 阿川弘之談</marc:subfield>
          </marc:datafield>
          <marc:datafield tag="505" ind1="0" ind2="0">
            <marc:subfield code="g">第12巻</marc:subfield>
            <marc:subfield code="t">米内光政</marc:subfield>
          </marc:datafield>
          <marc:datafield tag="505" ind1="0" ind2="0">
            <marc:subfield code="t">対談 : 危機の時代の指導者</marc:subfield>
            <marc:subfield code="r">加藤秀俊, 阿川弘之談</marc:subfield>
          </marc:datafield>
          <marc:datafield tag="505" ind1="0" ind2="0">
            <marc:subfield code="g">第13巻</marc:subfield>
            <marc:subfield code="t">井上成美</marc:subfield>
          </marc:datafield>
          <marc:datafield tag="505" ind1="0" ind2="0">
            <marc:subfield code="t">対談 : 『井上成美』をどう読むか</marc:subfield>
            <marc:subfield code="r">阿部昭, 阿川弘之談</marc:subfield>
          </marc:datafield>
          <marc:datafield tag="505" ind1="0" ind2="0">
            <marc:subfield code="g">第14巻</marc:subfield>
            <marc:subfield code="t">志賀直哉</marc:subfield>
          </marc:datafield>
          <marc:datafield tag="505" ind1="0" ind2="0">
            <marc:subfield code="t">対談 : 志賀直哉と戦後半世紀</marc:subfield>
            <marc:subfield code="r">那珂太郎, 阿川弘之談</marc:subfield>
          </marc:datafield>
          <marc:datafield tag="505" ind1="0" ind2="0">
            <marc:subfield code="g">第15巻</marc:subfield>
            <marc:subfield code="t">志賀直哉</marc:subfield>
          </marc:datafield>
          <marc:datafield tag="505" ind1="0" ind2="0">
            <marc:subfield code="t">対談 : 広津和郎氏の思い出</marc:subfield>
            <marc:subfield code="r">志賀直哉, 阿川弘之談</marc:subfield>
          </marc:datafield>
          <marc:datafield tag="740" ind1="0" ind2=" ">
            <marc:subfield code="a">阿川弘之全集</marc:subfield>
          </marc:datafield>
          <marc:datafield tag="852" ind1=" " ind2=" ">
            <marc:subfield code="a">九大理系(FA02289X)</marc:subfield>
            <marc:subfield code="k">918.68/A 19</marc:subfield>
            <marc:subfield code="m">NDC</marc:subfield>
            <marc:subfield code="b">Ito</marc:subfield>
            <marc:subfield code="x">Research room</marc:subfield>
            <marc:subfield code="j">比文 文化表象10</marc:subfield>
            <marc:subfield code="g">Social and Cultural Studies</marc:subfield>
            <marc:subfield code="p">058112007084268</marc:subfield>
            <marc:subfield code="f">4106434113</marc:subfield>
            <marc:subfield code="8">第1巻: 小説1</marc:subfield>
            <marc:subfield code="6">2009-03-18</marc:subfield>
            <marc:subfield code="i">MA111210</marc:subfield>
          </marc:datafield>
          <marc:datafield tag="852" ind1=" " ind2=" ">
            <marc:subfield code="a">九大理系(FA02289X)</marc:subfield>
            <marc:subfield code="k">918.68/A 19</marc:subfield>
            <marc:subfield code="m">NDC</marc:subfield>
            <marc:subfield code="b">Ito</marc:subfield>
            <marc:subfield code="x">Research room</marc:subfield>
            <marc:subfield code="j">比文 文化表象10</marc:subfield>
            <marc:subfield code="g">Social and Cultural Studies</marc:subfield>
            <marc:subfield code="p">058112007084271</marc:subfield>
            <marc:subfield code="f">4106434121</marc:subfield>
            <marc:subfield code="8">第2巻: 小説2</marc:subfield>
            <marc:subfield code="6">2009-03-18</marc:subfield>
            <marc:subfield code="i">MA111210</marc:subfield>
          </marc:datafield>
          <marc:datafield tag="852" ind1=" " ind2=" ">
            <marc:subfield code="a">九大理系(FA02289X)</marc:subfield>
            <marc:subfield code="k">918.68/A 19</marc:subfield>
            <marc:subfield code="m">NDC</marc:subfield>
            <marc:subfield code="b">Ito</marc:subfield>
            <marc:subfield code="x">Research room</marc:subfield>
            <marc:subfield code="j">比文 文化表象10</marc:subfield>
            <marc:subfield code="g">Social and Cultural Studies</marc:subfield>
            <marc:subfield code="p">058112007084283</marc:subfield>
            <marc:subfield code="f">410643413X</marc:subfield>
            <marc:subfield code="8">第3巻: 小説3</marc:subfield>
            <marc:subfield code="6">2009-03-18</marc:subfield>
            <marc:subfield code="i">MA111210</marc:subfield>
          </marc:datafield>
          <marc:datafield tag="852" ind1=" " ind2=" ">
            <marc:subfield code="a">九大理系(FA02289X)</marc:subfield>
            <marc:subfield code="k">918.68/A 19</marc:subfield>
            <marc:subfield code="m">NDC</marc:subfield>
            <marc:subfield code="b">Ito</marc:subfield>
            <marc:subfield code="x">Research room</marc:subfield>
            <marc:subfield code="j">比文 文化表象10</marc:subfield>
            <marc:subfield code="g">Social and Cultural Studies</marc:subfield>
            <marc:subfield code="p">058112007084295</marc:subfield>
            <marc:subfield code="f">4106434148</marc:subfield>
            <marc:subfield code="8">第4巻: 小説4</marc:subfield>
            <marc:subfield code="6">2009-03-18</marc:subfield>
            <marc:subfield code="i">MA111210</marc:subfield>
          </marc:datafield>
          <marc:datafield tag="852" ind1=" " ind2=" ">
            <marc:subfield code="a">九大理系(FA02289X)</marc:subfield>
            <marc:subfield code="k">918.68/A 19</marc:subfield>
            <marc:subfield code="m">NDC</marc:subfield>
            <marc:subfield code="b">Ito</marc:subfield>
            <marc:subfield code="x">Research room</marc:subfield>
            <marc:subfield code="j">比文 文化表象10</marc:subfield>
            <marc:subfield code="g">Social and Cultural Studies</marc:subfield>
            <marc:subfield code="p">058112007084306</marc:subfield>
            <marc:subfield code="f">4106434156</marc:subfield>
            <marc:subfield code="8">第5巻: 小説5</marc:subfield>
            <marc:subfield code="6">2009-03-18</marc:subfield>
            <marc:subfield code="i">MA111210</marc:subfield>
          </marc:datafield>
          <marc:datafield tag="852" ind1=" " ind2=" ">
            <marc:subfield code="a">九大理系(FA02289X)</marc:subfield>
            <marc:subfield code="k">918.68/A 19</marc:subfield>
            <marc:subfield code="m">NDC</marc:subfield>
            <marc:subfield code="b">Ito</marc:subfield>
            <marc:subfield code="x">Research room</marc:subfield>
            <marc:subfield code="j">比文 文化表象10</marc:subfield>
            <marc:subfield code="g">Social and Cultural Studies</marc:subfield>
            <marc:subfield code="p">058112007084318</marc:subfield>
            <marc:subfield code="f">4106434164</marc:subfield>
            <marc:subfield code="8">第6巻: 小説6</marc:subfield>
            <marc:subfield code="6">2009-03-18</marc:subfield>
            <marc:subfield code="i">MA111210</marc:subfield>
          </marc:datafield>
          <marc:datafield tag="852" ind1=" " ind2=" ">
            <marc:subfield code="a">九大理系(FA02289X)</marc:subfield>
            <marc:subfield code="k">918.68/A 19</marc:subfield>
            <marc:subfield code="m">NDC</marc:subfield>
            <marc:subfield code="b">Ito</marc:subfield>
            <marc:subfield code="x">Research room</marc:subfield>
            <marc:subfield code="j">比文 文化表象10</marc:subfield>
            <marc:subfield code="g">Social and Cultural Studies</marc:subfield>
            <marc:subfield code="p">058112007084321</marc:subfield>
            <marc:subfield code="f">4106434172</marc:subfield>
            <marc:subfield code="8">第7巻: 小説7</marc:subfield>
            <marc:subfield code="6">2009-03-18</marc:subfield>
            <marc:subfield code="i">MA111210</marc:subfield>
          </marc:datafield>
          <marc:datafield tag="852" ind1=" " ind2=" ">
            <marc:subfield code="a">九大理系(FA02289X)</marc:subfield>
            <marc:subfield code="k">918.68/A 19</marc:subfield>
            <marc:subfield code="m">NDC</marc:subfield>
            <marc:subfield code="b">Ito</marc:subfield>
            <marc:subfield code="x">Research room</marc:subfield>
            <marc:subfield code="j">比文 文化表象10</marc:subfield>
            <marc:subfield code="g">Social and Cultural Studies</marc:subfield>
            <marc:subfield code="p">058112007084333</marc:subfield>
            <marc:subfield code="f">4106434180</marc:subfield>
            <marc:subfield code="8">第8巻: 小説8</marc:subfield>
            <marc:subfield code="6">2009-03-18</marc:subfield>
            <marc:subfield code="i">MA111210</marc:subfield>
          </marc:datafield>
          <marc:datafield tag="852" ind1=" " ind2=" ">
            <marc:subfield code="a">九大理系(FA02289X)</marc:subfield>
            <marc:subfield code="k">918.68/A 19</marc:subfield>
            <marc:subfield code="m">NDC</marc:subfield>
            <marc:subfield code="b">Ito</marc:subfield>
            <marc:subfield code="x">Research room</marc:subfield>
            <marc:subfield code="j">比文 文化表象10</marc:subfield>
            <marc:subfield code="g">Social and Cultural Studies</marc:subfield>
            <marc:subfield code="p">058112007084345</marc:subfield>
            <marc:subfield code="f">4106434199</marc:subfield>
            <marc:subfield code="8">第9巻: 小説9</marc:subfield>
            <marc:subfield code="6">2009-03-18</marc:subfield>
            <marc:subfield code="i">MA111210</marc:subfield>
          </marc:datafield>
          <marc:datafield tag="852" ind1=" " ind2=" ">
            <marc:subfield code="a">九大理系(FA02289X)</marc:subfield>
            <marc:subfield code="k">918.68/A 19</marc:subfield>
            <marc:subfield code="m">NDC</marc:subfield>
            <marc:subfield code="b">Ito</marc:subfield>
            <marc:subfield code="x">Research room</marc:subfield>
            <marc:subfield code="j">比文 文化表象10</marc:subfield>
            <marc:subfield code="g">Social and Cultural Studies</marc:subfield>
            <marc:subfield code="p">058112007084357</marc:subfield>
            <marc:subfield code="f">4106434202</marc:subfield>
            <marc:subfield code="8">第10巻: 小説10</marc:subfield>
            <marc:subfield code="6">2009-03-18</marc:subfield>
            <marc:subfield code="i">MA111210</marc:subfield>
          </marc:datafield>
          <marc:datafield tag="852" ind1=" " ind2=" ">
            <marc:subfield code="a">九大理系(FA02289X)</marc:subfield>
            <marc:subfield code="k">918.68/A 19</marc:subfield>
            <marc:subfield code="m">NDC</marc:subfield>
            <marc:subfield code="b">Ito</marc:subfield>
            <marc:subfield code="x">Research room</marc:subfield>
            <marc:subfield code="j">比文 文化表象10</marc:subfield>
            <marc:subfield code="g">Social and Cultural Studies</marc:subfield>
            <marc:subfield code="p">058112007084360</marc:subfield>
            <marc:subfield code="f">4106434210</marc:subfield>
            <marc:subfield code="8">第11巻: 評伝1</marc:subfield>
            <marc:subfield code="6">2009-03-18</marc:subfield>
            <marc:subfield code="i">MA111210</marc:subfield>
          </marc:datafield>
          <marc:datafield tag="852" ind1=" " ind2=" ">
            <marc:subfield code="a">九大理系(FA02289X)</marc:subfield>
            <marc:subfield code="k">918.68/A 19</marc:subfield>
            <marc:subfield code="m">NDC</marc:subfield>
            <marc:subfield code="b">Ito</marc:subfield>
            <marc:subfield code="x">Research room</marc:subfield>
            <marc:subfield code="j">比文 文化表象10</marc:subfield>
            <marc:subfield code="g">Social and Cultural Studies</marc:subfield>
            <marc:subfield code="p">058112007084372</marc:subfield>
            <marc:subfield code="f">4106434229</marc:subfield>
            <marc:subfield code="8">第12巻: 評伝2</marc:subfield>
            <marc:subfield code="6">2009-03-18</marc:subfield>
            <marc:subfield code="i">MA111210</marc:subfield>
          </marc:datafield>
          <marc:datafield tag="852" ind1=" " ind2=" ">
            <marc:subfield code="a">九大理系(FA02289X)</marc:subfield>
            <marc:subfield code="k">918.68/A 19</marc:subfield>
            <marc:subfield code="m">NDC</marc:subfield>
            <marc:subfield code="b">Ito</marc:subfield>
            <marc:subfield code="x">Research room</marc:subfield>
            <marc:subfield code="j">比文 文化表象10</marc:subfield>
            <marc:subfield code="g">Social and Cultural Studies</marc:subfield>
            <marc:subfield code="p">058112007084384</marc:subfield>
            <marc:subfield code="f">4106434237</marc:subfield>
            <marc:subfield code="8">第13巻: 評伝3</marc:subfield>
            <marc:subfield code="6">2009-03-18</marc:subfield>
            <marc:subfield code="i">MA111210</marc:subfield>
          </marc:datafield>
          <marc:datafield tag="852" ind1=" " ind2=" ">
            <marc:subfield code="a">九大理系(FA02289X)</marc:subfield>
            <marc:subfield code="k">918.68/A 19</marc:subfield>
            <marc:subfield code="m">NDC</marc:subfield>
            <marc:subfield code="b">Ito</marc:subfield>
            <marc:subfield code="x">Research room</marc:subfield>
            <marc:subfield code="j">比文 文化表象10</marc:subfield>
            <marc:subfield code="g">Social and Cultural Studies</marc:subfield>
            <marc:subfield code="p">058112007084396</marc:subfield>
            <marc:subfield code="f">4106434245</marc:subfield>
            <marc:subfield code="8">第14巻: 評伝4</marc:subfield>
            <marc:subfield code="6">2009-03-18</marc:subfield>
            <marc:subfield code="i">MA111210</marc:subfield>
          </marc:datafield>
          <marc:datafield tag="852" ind1=" " ind2=" ">
            <marc:subfield code="a">九大理系(FA02289X)</marc:subfield>
            <marc:subfield code="k">918.68/A 19</marc:subfield>
            <marc:subfield code="m">NDC</marc:subfield>
            <marc:subfield code="b">Ito</marc:subfield>
            <marc:subfield code="x">Research room</marc:subfield>
            <marc:subfield code="j">比文 文化表象10</marc:subfield>
            <marc:subfield code="g">Social and Cultural Studies</marc:subfield>
            <marc:subfield code="p">058112007084407</marc:subfield>
            <marc:subfield code="f">4106434253</marc:subfield>
            <marc:subfield code="8">第15巻: 評伝5</marc:subfield>
            <marc:subfield code="6">2009-03-18</marc:subfield>
            <marc:subfield code="i">MA111210</marc:subfield>
          </marc:datafield>
          <marc:datafield tag="852" ind1=" " ind2=" ">
            <marc:subfield code="a">九大理系(FA02289X)</marc:subfield>
            <marc:subfield code="k">918.68/A 19</marc:subfield>
            <marc:subfield code="m">NDC</marc:subfield>
            <marc:subfield code="b">Ito</marc:subfield>
            <marc:subfield code="x">Research room</marc:subfield>
            <marc:subfield code="j">比文 文化表象10</marc:subfield>
            <marc:subfield code="g">Social and Cultural Studies</marc:subfield>
            <marc:subfield code="p">058112007084410</marc:subfield>
            <marc:subfield code="f">4106434261</marc:subfield>
            <marc:subfield code="8">第16巻: エッセイ1</marc:subfield>
            <marc:subfield code="6">2009-03-18</marc:subfield>
            <marc:subfield code="i">MA111210</marc:subfield>
          </marc:datafield>
          <marc:datafield tag="852" ind1=" " ind2=" ">
            <marc:subfield code="a">九大理系(FA02289X)</marc:subfield>
            <marc:subfield code="k">918.68/A 19</marc:subfield>
            <marc:subfield code="m">NDC</marc:subfield>
            <marc:subfield code="b">Ito</marc:subfield>
            <marc:subfield code="x">Research room</marc:subfield>
            <marc:subfield code="j">比文 文化表象10</marc:subfield>
            <marc:subfield code="g">Social and Cultural Studies</marc:subfield>
            <marc:subfield code="p">058112007084422</marc:subfield>
            <marc:subfield code="f">410643427X</marc:subfield>
            <marc:subfield code="8">第17巻: エッセイ2</marc:subfield>
            <marc:subfield code="6">2009-03-18</marc:subfield>
            <marc:subfield code="i">MA111210</marc:subfield>
          </marc:datafield>
          <marc:datafield tag="852" ind1=" " ind2=" ">
            <marc:subfield code="a">九大理系(FA02289X)</marc:subfield>
            <marc:subfield code="k">918.68/A 19</marc:subfield>
            <marc:subfield code="m">NDC</marc:subfield>
            <marc:subfield code="b">Ito</marc:subfield>
            <marc:subfield code="x">Research room</marc:subfield>
            <marc:subfield code="j">比文 文化表象10</marc:subfield>
            <marc:subfield code="g">Social and Cultural Studies</marc:subfield>
            <marc:subfield code="p">058112007084434</marc:subfield>
            <marc:subfield code="f">9784106434280</marc:subfield>
            <marc:subfield code="8">第18巻: エッセイ3</marc:subfield>
            <marc:subfield code="6">2009-03-18</marc:subfield>
            <marc:subfield code="i">MA111210</marc:subfield>
          </marc:datafield>
          <marc:datafield tag="852" ind1=" " ind2=" ">
            <marc:subfield code="a">九大理系(FA02289X)</marc:subfield>
            <marc:subfield code="k">918.68/A 19</marc:subfield>
            <marc:subfield code="m">NDC</marc:subfield>
            <marc:subfield code="b">Ito</marc:subfield>
            <marc:subfield code="x">Research room</marc:subfield>
            <marc:subfield code="j">比文 文化表象10</marc:subfield>
            <marc:subfield code="g">Social and Cultural Studies</marc:subfield>
            <marc:subfield code="p">058112007084446</marc:subfield>
            <marc:subfield code="f">9784106434297</marc:subfield>
            <marc:subfield code="8">第19巻: エッセイ4</marc:subfield>
            <marc:subfield code="6">2009-03-18</marc:subfield>
            <marc:subfield code="i">MA111210</marc:subfield>
          </marc:datafield>
          <marc:datafield tag="852" ind1=" " ind2=" ">
            <marc:subfield code="a">九大理系(FA02289X)</marc:subfield>
            <marc:subfield code="k">918.68/A 19</marc:subfield>
            <marc:subfield code="m">NDC</marc:subfield>
            <marc:subfield code="b">Ito</marc:subfield>
            <marc:subfield code="x">Research room</marc:subfield>
            <marc:subfield code="j">比文 文化表象10</marc:subfield>
            <marc:subfield code="g">Social and Cultural Studies</marc:subfield>
            <marc:subfield code="p">058112007084458</marc:subfield>
            <marc:subfield code="f">9784106434303</marc:subfield>
            <marc:subfield code="8">第20巻: エッセイ5</marc:subfield>
            <marc:subfield code="6">2009-03-18</marc:subfield>
            <marc:subfield code="i">MA111210</marc:subfield>
          </marc:datafield>
          <marc:datafield tag="880" ind1="1" ind2=" ">
            <marc:subfield code="6">100-01/$1</marc:subfield>
            <marc:subfield code="a">アガワ, ヒロユキ</marc:subfield>
          </marc:datafield>
          <marc:datafield tag="880" ind1="1" ind2="0">
            <marc:subfield code="6">245-02/$1</marc:subfield>
            <marc:subfield code="a">アガワ ヒロユキ ゼンシュウ</marc:subfield>
          </marc:datafield>
        </marc:record>
      </metadata>
    </record>