
    <record>
      <header>
        <identifier>oai:carli.illinois.edu:CARLIVoyager2/209</identifier>
        <datestamp>2011-10-21T15:25:34Z</datestamp>
        <setSpec>bib</setSpec>
      </header>
      <metadata>
        <marc:record xmlns:marc="http://www.loc.gov/MARC21/slim" xmlns:xsi="http://www.w3.org/2001/XMLSchema-instance" xsi:schemaLocation="http://www.loc.gov/MARC21/slim http://xc.ilcso.uiuc.edu:8080/OAIToolkit2/schema/MARC21slim_custom.xsd">
          <marc:leader>01634nam a2200397zi 4500</marc:leader>
          <marc:controlfield tag="001">BA7764818X</marc:controlfield>
          <marc:controlfield tag="003">NII</marc:controlfield>
          <marc:controlfield tag="005">20110909142431.0</marc:controlfield>
          <marc:controlfield tag="007">ta </marc:controlfield>
          <marc:controlfield tag="008">090918s2006    ja ||||||b||||||||||jpn|d</marc:controlfield>
          <marc:datafield tag="016" ind1="7" ind2=" ">
            <marc:subfield code="a">BA7764818X</marc:subfield>
            <marc:subfield code="2">JP-ToKJK</marc:subfield>
          </marc:datafield>
          <marc:datafield tag="020" ind1=" " ind2=" ">
            <marc:subfield code="a">4000082191</marc:subfield>
            <marc:subfield code="c">17000円+税</marc:subfield>
          </marc:datafield>
          <marc:datafield tag="040" ind1=" " ind2=" ">
            <marc:subfield code="a">NII</marc:subfield>
          </marc:datafield>
          <marc:datafield tag="041" ind1="1" ind2=" ">
            <marc:subfield code="a">jpn</marc:subfield>
            <marc:subfield code="h">ita</marc:subfield>
          </marc:datafield>
          <marc:datafield tag="044" ind1=" " ind2=" ">
            <marc:subfield code="a">ja</marc:subfield>
            <marc:subfield code="5">NII</marc:subfield>
          </marc:datafield>
          <marc:datafield tag="084" ind1=" " ind2=" ">
            <marc:subfield code="a">723.03</marc:subfield>
            <marc:subfield code="2">NDC8</marc:subfield>
          </marc:datafield>
          <marc:datafield tag="084" ind1=" " ind2=" ">
            <marc:subfield code="a">723.03</marc:subfield>
            <marc:subfield code="2">NDC9</marc:subfield>
          </marc:datafield>
          <marc:datafield tag="100" ind1="1" ind2=" ">
            <marc:subfield code="a">Mazzoleni, Donatella, 1943-</marc:subfield>
            <marc:subfield code="0">(NII)DA13276241</marc:subfield>
          </marc:datafield>
          <marc:datafield tag="100" ind1="1" ind2=" ">
            <marc:subfield code="a">Pappalardo, Umberto, 1949-</marc:subfield>
            <marc:subfield code="0">(NII)DA1501835X</marc:subfield>
          </marc:datafield>
          <marc:datafield tag="100" ind1="1" ind2=" ">
            <marc:subfield code="6">880-01</marc:subfield>
            <marc:subfield code="a">野中, 夏実(1964-)</marc:subfield>
            <marc:subfield code="0">(NII)DA09880311</marc:subfield>
          </marc:datafield>
          <marc:datafield tag="100" ind1="1" ind2=" ">
            <marc:subfield code="a">Romano, Luciano</marc:subfield>
            <marc:subfield code="0">(NII)DA15018360</marc:subfield>
          </marc:datafield>
          <marc:datafield tag="245" ind1="1" ind2="0">
            <marc:subfield code="a">古代ローマ邸宅の壁画</marc:subfield>
            <marc:subfield code="c">ドナテッラ・マッツォレーニ, ウンベルト・パッパラルド解説 ; 野中夏実訳 ; ルチャーノ・ロマーノ写真</marc:subfield>
            <marc:subfield code="6">880-02</marc:subfield>
          </marc:datafield>
          <marc:datafield tag="246" ind1="3" ind2="3">
            <marc:subfield code="a">Domus : pittura e architettura d'illusione nella casa romana</marc:subfield>
          </marc:datafield>
          <marc:datafield tag="260" ind1=" " ind2=" ">
            <marc:subfield code="a">東京</marc:subfield>
            <marc:subfield code="b">岩波書店</marc:subfield>
            <marc:subfield code="c">2006.7</marc:subfield>
          </marc:datafield>
          <marc:datafield tag="300" ind1=" " ind2=" ">
            <marc:subfield code="a">417p</marc:subfield>
            <marc:subfield code="b">挿図</marc:subfield>
            <marc:subfield code="c">34cm</marc:subfield>
          </marc:datafield>
          <marc:datafield tag="500" ind1=" " ind2=" ">
            <marc:subfield code="a">参考文献: p413-417</marc:subfield>
          </marc:datafield>
          <marc:datafield tag="500" ind1=" " ind2=" ">
            <marc:subfield code="a">日本版序文: 青柳正規</marc:subfield>
          </marc:datafield>
          <marc:datafield tag="650" ind1=" " ind2="7">
            <marc:subfield code="6">880-03</marc:subfield>
            <marc:subfield code="a">壁画</marc:subfield>
            <marc:subfield code="2">BSH</marc:subfield>
          </marc:datafield>
          <marc:datafield tag="650" ind1=" " ind2="7">
            <marc:subfield code="6">880-04</marc:subfield>
            <marc:subfield code="a">ローマ美術</marc:subfield>
            <marc:subfield code="2">BSH</marc:subfield>
          </marc:datafield>
          <marc:datafield tag="740" ind1="0" ind2=" ">
            <marc:subfield code="a">古代ローマ邸宅の壁画</marc:subfield>
          </marc:datafield>
          <marc:datafield tag="852" ind1=" " ind2=" ">
            <marc:subfield code="a">九大理系(FA02289X)</marc:subfield>
            <marc:subfield code="k">723.03/Ma 99</marc:subfield>
            <marc:subfield code="m">NDC</marc:subfield>
            <marc:subfield code="b">Ito</marc:subfield>
            <marc:subfield code="c">選定図書</marc:subfield>
            <marc:subfield code="x">Library</marc:subfield>
            <marc:subfield code="j">伊都中央 2F開架</marc:subfield>
            <marc:subfield code="g">ItoChuo 2F Open Stacks</marc:subfield>
            <marc:subfield code="p">058112006029728</marc:subfield>
            <marc:subfield code="f">4000082191</marc:subfield>
            <marc:subfield code="6">2006-09-28</marc:subfield>
            <marc:subfield code="i">OQ991000</marc:subfield>
          </marc:datafield>
          <marc:datafield tag="880" ind1="1" ind2=" ">
            <marc:subfield code="6">100-01/$1</marc:subfield>
            <marc:subfield code="a">ノナカ, ナツミ</marc:subfield>
          </marc:datafield>
          <marc:datafield tag="880" ind1="1" ind2="0">
            <marc:subfield code="6">245-02/$1</marc:subfield>
            <marc:subfield code="a">コダイ ローマ テイタク ノ ヘキガ</marc:subfield>
          </marc:datafield>
          <marc:datafield tag="880" ind1=" " ind2="7">
            <marc:subfield code="6">650-03/$1</marc:subfield>
            <marc:subfield code="a">ヘキガ</marc:subfield>
          </marc:datafield>
          <marc:datafield tag="880" ind1=" " ind2="7">
            <marc:subfield code="6">650-04/$1</marc:subfield>
            <marc:subfield code="a">ローマビジュツ</marc:subfield>
          </marc:datafield>
        </marc:record>
      </metadata>
    </record>