
    <record>
      <header>
        <identifier>oai:carli.illinois.edu:CARLIVoyager2/212</identifier>
        <datestamp>2011-10-21T15:25:34Z</datestamp>
        <setSpec>bib</setSpec>
      </header>
      <metadata>
        <marc:record xmlns:marc="http://www.loc.gov/MARC21/slim" xmlns:xsi="http://www.w3.org/2001/XMLSchema-instance" xsi:schemaLocation="http://www.loc.gov/MARC21/slim http://xc.ilcso.uiuc.edu:8080/OAIToolkit2/schema/MARC21slim_custom.xsd">
          <marc:leader>03889nam a2200637zi 4500</marc:leader>
          <marc:controlfield tag="001">BA77830296</marc:controlfield>
          <marc:controlfield tag="003">NII</marc:controlfield>
          <marc:controlfield tag="005">20110909142431.0</marc:controlfield>
          <marc:controlfield tag="007">ta </marc:controlfield>
          <marc:controlfield tag="008">090918s2006    ja ||||||b||||||||||jpn|d</marc:controlfield>
          <marc:datafield tag="016" ind1="7" ind2=" ">
            <marc:subfield code="a">BA77830296</marc:subfield>
            <marc:subfield code="2">JP-ToKJK</marc:subfield>
          </marc:datafield>
          <marc:datafield tag="020" ind1=" " ind2=" ">
            <marc:subfield code="a">487378915X</marc:subfield>
            <marc:subfield code="c">4500円+税</marc:subfield>
          </marc:datafield>
          <marc:datafield tag="040" ind1=" " ind2=" ">
            <marc:subfield code="a">NII</marc:subfield>
          </marc:datafield>
          <marc:datafield tag="041" ind1="0" ind2=" ">
            <marc:subfield code="a">jpn</marc:subfield>
            <marc:subfield code="a">eng</marc:subfield>
          </marc:datafield>
          <marc:datafield tag="044" ind1=" " ind2=" ">
            <marc:subfield code="a">ja</marc:subfield>
            <marc:subfield code="5">NII</marc:subfield>
          </marc:datafield>
          <marc:datafield tag="084" ind1=" " ind2=" ">
            <marc:subfield code="a">931</marc:subfield>
            <marc:subfield code="2">NDC8</marc:subfield>
          </marc:datafield>
          <marc:datafield tag="084" ind1=" " ind2=" ">
            <marc:subfield code="a">931.5</marc:subfield>
            <marc:subfield code="2">NDC9</marc:subfield>
          </marc:datafield>
          <marc:datafield tag="100" ind1="1" ind2=" ">
            <marc:subfield code="6">880-01</marc:subfield>
            <marc:subfield code="a">日本スペンサー協会</marc:subfield>
          </marc:datafield>
          <marc:datafield tag="245" ind1="1" ind2="0">
            <marc:subfield code="a">詩人の詩人スペンサー</marc:subfield>
            <marc:subfield code="b">日本スペンサー協会20周年論集</marc:subfield>
            <marc:subfield code="c">日本スペンサー協会編</marc:subfield>
            <marc:subfield code="6">880-02</marc:subfield>
          </marc:datafield>
          <marc:datafield tag="246" ind1="3" ind2="3">
            <marc:subfield code="a">The poet's poet : anniversary essays on Spenser</marc:subfield>
          </marc:datafield>
          <marc:datafield tag="246" ind1="3" ind2="8">
            <marc:subfield code="6">880-03</marc:subfield>
            <marc:subfield code="a">詩人の詩人スペンサー : 日本スペンサー協会二十周年論集</marc:subfield>
          </marc:datafield>
          <marc:datafield tag="246" ind1="3" ind2="3">
            <marc:subfield code="6">880-04</marc:subfield>
            <marc:subfield code="a">スペンサー : 詩人の詩人 : 日本スペンサー協会20周年論集</marc:subfield>
          </marc:datafield>
          <marc:datafield tag="260" ind1=" " ind2=" ">
            <marc:subfield code="a">福岡</marc:subfield>
            <marc:subfield code="b">九州大学出版会</marc:subfield>
            <marc:subfield code="c">2006.8</marc:subfield>
          </marc:datafield>
          <marc:datafield tag="300" ind1=" " ind2=" ">
            <marc:subfield code="a">ii, 448p, 図版1枚</marc:subfield>
            <marc:subfield code="b">挿図</marc:subfield>
            <marc:subfield code="c">21cm</marc:subfield>
          </marc:datafield>
          <marc:datafield tag="500" ind1=" " ind2=" ">
            <marc:subfield code="a">欧文タイトルは標題紙裏による</marc:subfield>
          </marc:datafield>
          <marc:datafield tag="500" ind1=" " ind2=" ">
            <marc:subfield code="a">日本スペンサー文献目録 / 島村宣男編: p[417]-440</marc:subfield>
          </marc:datafield>
          <marc:datafield tag="505" ind1="0" ind2="0">
            <marc:subfield code="t">四つの出会い</marc:subfield>
            <marc:subfield code="r">福田昇八著</marc:subfield>
          </marc:datafield>
          <marc:datafield tag="505" ind1="0" ind2="0">
            <marc:subfield code="t">赤十字の騎士と消えた聖人の行方</marc:subfield>
            <marc:subfield code="r">竹村はるみ著</marc:subfield>
          </marc:datafield>
          <marc:datafield tag="505" ind1="0" ind2="0">
            <marc:subfield code="t">スペンサーとアリストテレス</marc:subfield>
            <marc:subfield code="r">島村宣男著</marc:subfield>
          </marc:datafield>
          <marc:datafield tag="505" ind1="0" ind2="0">
            <marc:subfield code="t">ベルフィービーとアモレットをめぐる誕生の神話</marc:subfield>
            <marc:subfield code="r">小田原謠子著</marc:subfield>
          </marc:datafield>
          <marc:datafield tag="505" ind1="0" ind2="0">
            <marc:subfield code="t">「従者の物語」続編のチョーサー像 : 記憶の刃と忘却の薬</marc:subfield>
            <marc:subfield code="r">小林宜子著</marc:subfield>
          </marc:datafield>
          <marc:datafield tag="505" ind1="0" ind2="0">
            <marc:subfield code="t">ラデイガンドのエピソードにおける脚韻語</marc:subfield>
            <marc:subfield code="r">小迫勝著</marc:subfield>
          </marc:datafield>
          <marc:datafield tag="505" ind1="0" ind2="0">
            <marc:subfield code="t">礼節の騎士と二つのパストラル</marc:subfield>
            <marc:subfield code="r">祖父江美穂著</marc:subfield>
          </marc:datafield>
          <marc:datafield tag="505" ind1="0" ind2="0">
            <marc:subfield code="t">『妖精の女王』におけるエリザベス女王への献辞</marc:subfield>
            <marc:subfield code="r">鈴木紀之著</marc:subfield>
          </marc:datafield>
          <marc:datafield tag="505" ind1="0" ind2="0">
            <marc:subfield code="t">女王賛歌としての献呈ソネット</marc:subfield>
            <marc:subfield code="r">リチャード・マクナマラ著</marc:subfield>
          </marc:datafield>
          <marc:datafield tag="505" ind1="0" ind2="0">
            <marc:subfield code="t">『妖精の女王』の癒しの植物</marc:subfield>
            <marc:subfield code="r">樋口康夫著</marc:subfield>
          </marc:datafield>
          <marc:datafield tag="505" ind1="0" ind2="0">
            <marc:subfield code="t">『妖精の女王』と『源氏物語』 : 虚構と現実</marc:subfield>
            <marc:subfield code="r">大野雅子著</marc:subfield>
          </marc:datafield>
          <marc:datafield tag="505" ind1="0" ind2="0">
            <marc:subfield code="t">第四のカリス : 『羊飼の暦』の女王賛歌</marc:subfield>
            <marc:subfield code="r">足達賀代子著</marc:subfield>
          </marc:datafield>
          <marc:datafield tag="505" ind1="0" ind2="0">
            <marc:subfield code="t">『時の廃墟』における嘆きの構造</marc:subfield>
            <marc:subfield code="r">岩永祥恵著</marc:subfield>
          </marc:datafield>
          <marc:datafield tag="505" ind1="0" ind2="0">
            <marc:subfield code="t">『ローマの廃墟』における言語・文化国家主義の理念</marc:subfield>
            <marc:subfield code="r">小紫重徳著</marc:subfield>
          </marc:datafield>
          <marc:datafield tag="505" ind1="0" ind2="0">
            <marc:subfield code="t">「蝶の運命」の頭韻による音響効果</marc:subfield>
            <marc:subfield code="r">本間須摩子著</marc:subfield>
          </marc:datafield>
          <marc:datafield tag="505" ind1="0" ind2="0">
            <marc:subfield code="t">ペトラルカとスペンサーの幻</marc:subfield>
            <marc:subfield code="r">岩永弘人著</marc:subfield>
          </marc:datafield>
          <marc:datafield tag="505" ind1="0" ind2="0">
            <marc:subfield code="t">スペンサーとシドニーのエレジー : 「悲嘆」から「慰藉」へ</marc:subfield>
            <marc:subfield code="r">村里好俊著</marc:subfield>
          </marc:datafield>
          <marc:datafield tag="505" ind1="0" ind2="0">
            <marc:subfield code="t">ソネット連作集におけるスペンサーとシェイクスピア</marc:subfield>
            <marc:subfield code="r">岡田岑雄著</marc:subfield>
          </marc:datafield>
          <marc:datafield tag="505" ind1="0" ind2="0">
            <marc:subfield code="t">『四つの賛歌』における愛の重層 : 「献辞」の真意解釈</marc:subfield>
            <marc:subfield code="r">田中晉著</marc:subfield>
          </marc:datafield>
          <marc:datafield tag="505" ind1="0" ind2="0">
            <marc:subfield code="t">白鳥の歌『プロサレイミオン』</marc:subfield>
            <marc:subfield code="r">江川琴美著</marc:subfield>
          </marc:datafield>
          <marc:datafield tag="505" ind1="0" ind2="0">
            <marc:subfield code="t">土地の力 : 『アイルランドの状況管見』</marc:subfield>
            <marc:subfield code="r">水野眞理著</marc:subfield>
          </marc:datafield>
          <marc:datafield tag="650" ind1=" " ind2="7">
            <marc:subfield code="a">Spenser, Edmund</marc:subfield>
            <marc:subfield code="2">BSH</marc:subfield>
          </marc:datafield>
          <marc:datafield tag="650" ind1=" " ind2="0">
            <marc:subfield code="a">Spenser, Edmund 1552?-1599</marc:subfield>
            <marc:subfield code="2">LCSH</marc:subfield>
          </marc:datafield>
          <marc:datafield tag="740" ind1="0" ind2=" ">
            <marc:subfield code="a">詩人の詩人スペンサー</marc:subfield>
          </marc:datafield>
          <marc:datafield tag="852" ind1=" " ind2=" ">
            <marc:subfield code="a">九大(FA003454)</marc:subfield>
            <marc:subfield code="k">931.5/N 71</marc:subfield>
            <marc:subfield code="m">NDC</marc:subfield>
            <marc:subfield code="b">Central</marc:subfield>
            <marc:subfield code="x">Library</marc:subfield>
            <marc:subfield code="j">中図 九大出版会</marc:subfield>
            <marc:subfield code="g">CENTRAL LIBRARY</marc:subfield>
            <marc:subfield code="p">003112006008588</marc:subfield>
            <marc:subfield code="f">487378915X</marc:subfield>
            <marc:subfield code="6">2006-08-10</marc:subfield>
            <marc:subfield code="i">OA111200</marc:subfield>
          </marc:datafield>
          <marc:datafield tag="880" ind1="1" ind2=" ">
            <marc:subfield code="6">100-01/$1</marc:subfield>
            <marc:subfield code="a">ニホン スペンサー キョウカイ</marc:subfield>
          </marc:datafield>
          <marc:datafield tag="880" ind1="1" ind2="0">
            <marc:subfield code="6">245-02/$1</marc:subfield>
            <marc:subfield code="a">シジン ノ シジン スペンサー : ニホン スペンサー キョウカイ 20シュウネン ロンシュウ</marc:subfield>
          </marc:datafield>
          <marc:datafield tag="880" ind1="3" ind2="8">
            <marc:subfield code="6">246-03/$1</marc:subfield>
            <marc:subfield code="a">シジン ノ シジン スペンサー : ニホン スペンサー キョウカイ ニジュッシュウネン ロンシュウ</marc:subfield>
          </marc:datafield>
          <marc:datafield tag="880" ind1="3" ind2="3">
            <marc:subfield code="6">246-04/$1</marc:subfield>
            <marc:subfield code="a">スペンサー : シジン ノ シジン : ニホン スペンサー キョウカイ 20シュウネン ロンシュウ</marc:subfield>
          </marc:datafield>
        </marc:record>
      </metadata>
    </record>