
    <record>
      <header>
        <identifier>oai:carli.illinois.edu:CARLIVoyager2/214</identifier>
        <datestamp>2011-10-21T15:25:34Z</datestamp>
        <setSpec>bib</setSpec>
      </header>
      <metadata>
        <marc:record xmlns:marc="http://www.loc.gov/MARC21/slim" xmlns:xsi="http://www.w3.org/2001/XMLSchema-instance" xsi:schemaLocation="http://www.loc.gov/MARC21/slim http://xc.ilcso.uiuc.edu:8080/OAIToolkit2/schema/MARC21slim_custom.xsd">
          <marc:leader>02666nam a2200421zi 4500</marc:leader>
          <marc:controlfield tag="001">BA78430781</marc:controlfield>
          <marc:controlfield tag="003">NII</marc:controlfield>
          <marc:controlfield tag="005">20110909142431.0</marc:controlfield>
          <marc:controlfield tag="007">ta </marc:controlfield>
          <marc:controlfield tag="008">090918s2006    ja ||||||b||||||||||jpn|d</marc:controlfield>
          <marc:datafield tag="016" ind1="7" ind2=" ">
            <marc:subfield code="a">BA78430781</marc:subfield>
            <marc:subfield code="2">JP-ToKJK</marc:subfield>
          </marc:datafield>
          <marc:datafield tag="040" ind1=" " ind2=" ">
            <marc:subfield code="a">NII</marc:subfield>
          </marc:datafield>
          <marc:datafield tag="041" ind1="0" ind2=" ">
            <marc:subfield code="a">jpn</marc:subfield>
            <marc:subfield code="a">ger</marc:subfield>
          </marc:datafield>
          <marc:datafield tag="044" ind1=" " ind2=" ">
            <marc:subfield code="a">ja</marc:subfield>
            <marc:subfield code="5">NII</marc:subfield>
          </marc:datafield>
          <marc:datafield tag="100" ind1="1" ind2=" ">
            <marc:subfield code="6">880-01</marc:subfield>
            <marc:subfield code="a">大阪大学大学院言語文化研究科</marc:subfield>
            <marc:subfield code="0">(NII)DA12628558</marc:subfield>
          </marc:datafield>
          <marc:datafield tag="245" ind1="1" ind2="0">
            <marc:subfield code="a">文化受容のダイナミクス</marc:subfield>
            <marc:subfield code="c">大阪大学大学院言語文化研究科編</marc:subfield>
            <marc:subfield code="6">880-02</marc:subfield>
          </marc:datafield>
          <marc:datafield tag="246" ind1="3" ind2="3">
            <marc:subfield code="a">Dynamics of cultural reception</marc:subfield>
          </marc:datafield>
          <marc:datafield tag="260" ind1=" " ind2=" ">
            <marc:subfield code="a">[豊中]</marc:subfield>
            <marc:subfield code="b">大阪大学大学院言語文化研究科</marc:subfield>
            <marc:subfield code="c">2006.5</marc:subfield>
          </marc:datafield>
          <marc:datafield tag="300" ind1=" " ind2=" ">
            <marc:subfield code="a">96p</marc:subfield>
            <marc:subfield code="c">30cm</marc:subfield>
          </marc:datafield>
          <marc:datafield tag="490" ind1="0" ind2=" ">
            <marc:subfield code="6">880-03</marc:subfield>
            <marc:subfield code="a">言語文化共同研究プロジェクト / 大阪大学言語文化部, 大阪大学大学院言語文化研究科編</marc:subfield>
            <marc:subfield code="3">BA52338262</marc:subfield>
            <marc:subfield code="v">2005</marc:subfield>
          </marc:datafield>
          <marc:datafield tag="490" ind1="0" ind2=" ">
            <marc:subfield code="6">880-03</marc:subfield>
            <marc:subfield code="a">「文化」の解読 </marc:subfield>
            <marc:subfield code="v">6</marc:subfield>
          </marc:datafield>
          <marc:datafield tag="505" ind1="0" ind2="0">
            <marc:subfield code="t">ギリシアからローマへ : 喜劇の場合</marc:subfield>
            <marc:subfield code="r">木村健治 [著]</marc:subfield>
          </marc:datafield>
          <marc:datafield tag="505" ind1="0" ind2="0">
            <marc:subfield code="t">「生」の言説と「文化」の言説 : 世紀転換期ドイツの「文化」言説の変化</marc:subfield>
            <marc:subfield code="r">金子元臣 [著]</marc:subfield>
          </marc:datafield>
          <marc:datafield tag="505" ind1="0" ind2="0">
            <marc:subfield code="t">Der hermeneutische Ansatz in der kritischen Sozialphilosophie von Habermas : Grundzüge einer Erkenntnistheorie als Gesellschaftstheorie (Fortsetzung)</marc:subfield>
            <marc:subfield code="r">Wagata Hiroyuki [著]</marc:subfield>
          </marc:datafield>
          <marc:datafield tag="505" ind1="0" ind2="0">
            <marc:subfield code="t">Religion als Symbol : Anmerkung zu Lessings Religionsbegriff aus interreligiöser Perspektive Anhand seiner Schrift ,,Die Erziehung des Menschengeschlechts“</marc:subfield>
            <marc:subfield code="r">Oliver Aumann [著]</marc:subfield>
          </marc:datafield>
          <marc:datafield tag="505" ind1="0" ind2="0">
            <marc:subfield code="t">「架空の天皇」と紀年論 : 史料の選択と信憑性をめぐって</marc:subfield>
            <marc:subfield code="r">一瀬陽子 [著]</marc:subfield>
          </marc:datafield>
          <marc:datafield tag="505" ind1="0" ind2="0">
            <marc:subfield code="t">21世紀における世界へのまなざし : 2005年日本国際博覧会へのいくつかの考察</marc:subfield>
            <marc:subfield code="r">安井章子 [著]</marc:subfield>
          </marc:datafield>
          <marc:datafield tag="505" ind1="0" ind2="0">
            <marc:subfield code="t">映画『トレインスポッティング』にみるスコットランドの表現と旅の構造</marc:subfield>
            <marc:subfield code="r">以倉理恵 [著]</marc:subfield>
          </marc:datafield>
          <marc:datafield tag="505" ind1="0" ind2="0">
            <marc:subfield code="t">文化的多様性がもたらすもの : ドイツでのLeitkultur論争を背景にした一考察</marc:subfield>
            <marc:subfield code="r">渡邉沙代 [著]</marc:subfield>
          </marc:datafield>
          <marc:datafield tag="505" ind1="0" ind2="0">
            <marc:subfield code="t">ドイツ=トルコ映画の現在</marc:subfield>
            <marc:subfield code="r">山本桂樹 [著]</marc:subfield>
          </marc:datafield>
          <marc:datafield tag="740" ind1="0" ind2=" ">
            <marc:subfield code="a">文化受容のダイナミクス</marc:subfield>
          </marc:datafield>
          <marc:datafield tag="830" ind1=" " ind2=" ">
            <marc:subfield code="w">BA52338262</marc:subfield>
          </marc:datafield>
          <marc:datafield tag="852" ind1=" " ind2=" ">
            <marc:subfield code="a">九大理系(FA02289X)</marc:subfield>
            <marc:subfield code="k">804/O 73</marc:subfield>
            <marc:subfield code="m">NDC</marc:subfield>
            <marc:subfield code="b">Ito</marc:subfield>
            <marc:subfield code="x">Library</marc:subfield>
            <marc:subfield code="j">伊都中央 BF開架</marc:subfield>
            <marc:subfield code="g">ItoChuo BF Open Stacks</marc:subfield>
            <marc:subfield code="p">058112006018128</marc:subfield>
            <marc:subfield code="6">2006-10-02</marc:subfield>
            <marc:subfield code="i">OQ995000</marc:subfield>
          </marc:datafield>
          <marc:datafield tag="880" ind1="1" ind2=" ">
            <marc:subfield code="6">100-01/$1</marc:subfield>
            <marc:subfield code="a">オオサカ ダイガク ダイガクイン ゲンゴ ブンカ ケンキュウカ</marc:subfield>
          </marc:datafield>
          <marc:datafield tag="880" ind1="1" ind2="0">
            <marc:subfield code="6">245-02/$1</marc:subfield>
            <marc:subfield code="a">ブンカ ジュヨウ ノ ダイナミクス</marc:subfield>
          </marc:datafield>
          <marc:datafield tag="880" ind1="0" ind2=" ">
            <marc:subfield code="6">490-03/$1</marc:subfield>
            <marc:subfield code="a">ゲンゴ ブンカ キョウドウ ケンキュウ プロジェクト</marc:subfield>
          </marc:datafield>
          <marc:datafield tag="880" ind1="0" ind2=" ">
            <marc:subfield code="6">490-03/$1</marc:subfield>
            <marc:subfield code="a"> ブンカ ノ カイドク</marc:subfield>
          </marc:datafield>
        </marc:record>
      </metadata>
    </record>