
    <record>
      <header>
        <identifier>oai:carli.illinois.edu:CARLIVoyager2/215</identifier>
        <datestamp>2011-10-21T15:25:34Z</datestamp>
        <setSpec>bib</setSpec>
      </header>
      <metadata>
        <marc:record xmlns:marc="http://www.loc.gov/MARC21/slim" xmlns:xsi="http://www.w3.org/2001/XMLSchema-instance" xsi:schemaLocation="http://www.loc.gov/MARC21/slim http://xc.ilcso.uiuc.edu:8080/OAIToolkit2/schema/MARC21slim_custom.xsd">
          <marc:leader>06393nam a2200973zi 4500</marc:leader>
          <marc:controlfield tag="001">BA78731278</marc:controlfield>
          <marc:controlfield tag="003">NII</marc:controlfield>
          <marc:controlfield tag="005">20110909142432.0</marc:controlfield>
          <marc:controlfield tag="007">ta </marc:controlfield>
          <marc:controlfield tag="008">090918s2006    ja ||||||b||||||||||jpn|d</marc:controlfield>
          <marc:datafield tag="016" ind1="7" ind2=" ">
            <marc:subfield code="a">BA78731278</marc:subfield>
            <marc:subfield code="2">JP-ToKJK</marc:subfield>
          </marc:datafield>
          <marc:datafield tag="020" ind1=" " ind2=" ">
            <marc:subfield code="a">4758921296</marc:subfield>
            <marc:subfield code="c">12000円+税</marc:subfield>
          </marc:datafield>
          <marc:datafield tag="040" ind1=" " ind2=" ">
            <marc:subfield code="a">NII</marc:subfield>
          </marc:datafield>
          <marc:datafield tag="041" ind1="0" ind2=" ">
            <marc:subfield code="a">jpn</marc:subfield>
            <marc:subfield code="a">eng</marc:subfield>
          </marc:datafield>
          <marc:datafield tag="044" ind1=" " ind2=" ">
            <marc:subfield code="a">ja</marc:subfield>
            <marc:subfield code="5">NII</marc:subfield>
          </marc:datafield>
          <marc:datafield tag="084" ind1=" " ind2=" ">
            <marc:subfield code="a">830.4</marc:subfield>
            <marc:subfield code="2">NDC9</marc:subfield>
          </marc:datafield>
          <marc:datafield tag="100" ind1="1" ind2=" ">
            <marc:subfield code="6">880-01</marc:subfield>
            <marc:subfield code="a">卯城, 祐司(1958-)</marc:subfield>
            <marc:subfield code="0">(NII)DA1150455X</marc:subfield>
          </marc:datafield>
          <marc:datafield tag="245" ind1="1" ind2="0">
            <marc:subfield code="a">言葉の絆</marc:subfield>
            <marc:subfield code="b">藤原保明博士還暦記念論文集</marc:subfield>
            <marc:subfield code="c">卯城裕司 [ほか] 編集</marc:subfield>
            <marc:subfield code="6">880-02</marc:subfield>
          </marc:datafield>
          <marc:datafield tag="246" ind1="3" ind2="5">
            <marc:subfield code="a">Bonds of language : a festschrift for Dr. Yasuaki Fujiwara on the occasion of his sixtieth birthday</marc:subfield>
          </marc:datafield>
          <marc:datafield tag="246" ind1="3" ind2="3">
            <marc:subfield code="6">880-03</marc:subfield>
            <marc:subfield code="a">言葉の絆 : 藤原保明博士還暦記念論文集</marc:subfield>
          </marc:datafield>
          <marc:datafield tag="260" ind1=" " ind2=" ">
            <marc:subfield code="a">東京</marc:subfield>
            <marc:subfield code="b">開拓社</marc:subfield>
            <marc:subfield code="c">2006.10</marc:subfield>
          </marc:datafield>
          <marc:datafield tag="300" ind1=" " ind2=" ">
            <marc:subfield code="a">xxi, 619p, 図版1枚</marc:subfield>
            <marc:subfield code="c">22cm</marc:subfield>
          </marc:datafield>
          <marc:datafield tag="500" ind1=" " ind2=" ">
            <marc:subfield code="a">藤原保明博士の肖像あり</marc:subfield>
          </marc:datafield>
          <marc:datafield tag="500" ind1=" " ind2=" ">
            <marc:subfield code="a">その他の編者: 太田一昭, 太田聡, 滝沢直宏, 田中伸一, 西田光一, 山田英ニ</marc:subfield>
          </marc:datafield>
          <marc:datafield tag="500" ind1=" " ind2=" ">
            <marc:subfield code="a">引用・参考文献: 論文末</marc:subfield>
          </marc:datafield>
          <marc:datafield tag="500" ind1=" " ind2=" ">
            <marc:subfield code="a">藤原保明博士略歴: 巻頭pix-x</marc:subfield>
          </marc:datafield>
          <marc:datafield tag="500" ind1=" " ind2=" ">
            <marc:subfield code="a">藤原保明博士研究業績目録: 巻頭pxi-xviii</marc:subfield>
          </marc:datafield>
          <marc:datafield tag="505" ind1="0" ind2="0">
            <marc:subfield code="t">「存在意味」と日本語の数量詞の強弱について</marc:subfield>
            <marc:subfield code="r">有坂顕二著</marc:subfield>
          </marc:datafield>
          <marc:datafield tag="505" ind1="0" ind2="0">
            <marc:subfield code="t">Spurious resultativeはresultativeでないか?</marc:subfield>
            <marc:subfield code="r">岩田彩志著</marc:subfield>
          </marc:datafield>
          <marc:datafield tag="505" ind1="0" ind2="0">
            <marc:subfield code="t">2音節の形容詞の比較変化について</marc:subfield>
            <marc:subfield code="r">太田聡著</marc:subfield>
          </marc:datafield>
          <marc:datafield tag="505" ind1="0" ind2="0">
            <marc:subfield code="t">The making of the metres of boethius</marc:subfield>
            <marc:subfield code="r">Michiko Ogura著</marc:subfield>
          </marc:datafield>
          <marc:datafield tag="505" ind1="0" ind2="0">
            <marc:subfield code="t">日本語の非自立語とソノリティー</marc:subfield>
            <marc:subfield code="r">小野浩司著</marc:subfield>
          </marc:datafield>
          <marc:datafield tag="505" ind1="0" ind2="0">
            <marc:subfield code="t">On the comparative correlative construction in English</marc:subfield>
            <marc:subfield code="r">Naoshi Koizumi著</marc:subfield>
          </marc:datafield>
          <marc:datafield tag="505" ind1="0" ind2="0">
            <marc:subfield code="t">「神」とその姉妹語の成り立ち</marc:subfield>
            <marc:subfield code="r">近藤健二著</marc:subfield>
          </marc:datafield>
          <marc:datafield tag="505" ind1="0" ind2="0">
            <marc:subfield code="t">Dual membership suffixes in English</marc:subfield>
            <marc:subfield code="r">Hideki Zamma著</marc:subfield>
          </marc:datafield>
          <marc:datafield tag="505" ind1="0" ind2="0">
            <marc:subfield code="t">英語における助動詞化現象についての一考察</marc:subfield>
            <marc:subfield code="r">島田雅晴著</marc:subfield>
          </marc:datafield>
          <marc:datafield tag="505" ind1="0" ind2="0">
            <marc:subfield code="t">Wendとone's way構文 : MI-scoreによる構文研究</marc:subfield>
            <marc:subfield code="r">滝沢直宏著</marc:subfield>
          </marc:datafield>
          <marc:datafield tag="505" ind1="0" ind2="0">
            <marc:subfield code="t">否定とas節</marc:subfield>
            <marc:subfield code="r">田中彰一著</marc:subfield>
          </marc:datafield>
          <marc:datafield tag="505" ind1="0" ind2="0">
            <marc:subfield code="t">英語の弱化母音脱落とその随意適用を司る韻律原理について</marc:subfield>
            <marc:subfield code="r">田中伸一著</marc:subfield>
          </marc:datafield>
          <marc:datafield tag="505" ind1="0" ind2="0">
            <marc:subfield code="t">定・不定関係詞節についての覚え書き</marc:subfield>
            <marc:subfield code="r">田中秀毅著</marc:subfield>
          </marc:datafield>
          <marc:datafield tag="505" ind1="0" ind2="0">
            <marc:subfield code="t">I hugged him good-byeについて : 非言語的伝達動詞と二重目的語構文</marc:subfield>
            <marc:subfield code="r">登田龍彦著</marc:subfield>
          </marc:datafield>
          <marc:datafield tag="505" ind1="0" ind2="0">
            <marc:subfield code="t">身近な器具を活用した構音音声学講義試論</marc:subfield>
            <marc:subfield code="r">中山和男著</marc:subfield>
          </marc:datafield>
          <marc:datafield tag="505" ind1="0" ind2="0">
            <marc:subfield code="t">非制限的関係詞節の発話解釈と情報構造</marc:subfield>
            <marc:subfield code="r">中山仁著</marc:subfield>
          </marc:datafield>
          <marc:datafield tag="505" ind1="0" ind2="0">
            <marc:subfield code="t">英語の多重wh疑問文における優位効果と認可</marc:subfield>
            <marc:subfield code="r">西岡宣明著</marc:subfield>
          </marc:datafield>
          <marc:datafield tag="505" ind1="0" ind2="0">
            <marc:subfield code="t">英語の照応的名詞句と部分・全体の関係</marc:subfield>
            <marc:subfield code="r">西田光一著</marc:subfield>
          </marc:datafield>
          <marc:datafield tag="505" ind1="0" ind2="0">
            <marc:subfield code="t">動詞kickの用法とフレーム意味論的知識</marc:subfield>
            <marc:subfield code="r">根本典子著</marc:subfield>
          </marc:datafield>
          <marc:datafield tag="505" ind1="0" ind2="0">
            <marc:subfield code="t">On the resultative small clause in the detransitivized resultative construction</marc:subfield>
            <marc:subfield code="r">Ken'ichiro Nogawa著</marc:subfield>
          </marc:datafield>
          <marc:datafield tag="505" ind1="0" ind2="0">
            <marc:subfield code="t">日記英語における空主語と主体化</marc:subfield>
            <marc:subfield code="r">廣瀬幸生著</marc:subfield>
          </marc:datafield>
          <marc:datafield tag="505" ind1="0" ind2="0">
            <marc:subfield code="t">Particle alternation and the copy theory of movement</marc:subfield>
            <marc:subfield code="r">Minoru Fukuda著</marc:subfield>
          </marc:datafield>
          <marc:datafield tag="505" ind1="0" ind2="0">
            <marc:subfield code="t">Adverbial localization phenomena</marc:subfield>
            <marc:subfield code="r">Hajime Fukuchi著</marc:subfield>
          </marc:datafield>
          <marc:datafield tag="505" ind1="0" ind2="0">
            <marc:subfield code="t">An antisymmetric analysis of Japanese right dislocation</marc:subfield>
            <marc:subfield code="r">Yasuyuki Fukutomi著</marc:subfield>
          </marc:datafield>
          <marc:datafield tag="505" ind1="0" ind2="0">
            <marc:subfield code="t">英語の進行形の意味の拡張について</marc:subfield>
            <marc:subfield code="r">藤原正道著</marc:subfield>
          </marc:datafield>
          <marc:datafield tag="505" ind1="0" ind2="0">
            <marc:subfield code="t">身体部位名詞句の意味に関する一考察</marc:subfield>
            <marc:subfield code="r">堀内裕晃著</marc:subfield>
          </marc:datafield>
          <marc:datafield tag="505" ind1="0" ind2="0">
            <marc:subfield code="t">英語の動詞・不変化詞構文とその語順について</marc:subfield>
            <marc:subfield code="r">本多明子著</marc:subfield>
          </marc:datafield>
          <marc:datafield tag="505" ind1="0" ind2="0">
            <marc:subfield code="t">Tertiary stress and opacity in English</marc:subfield>
            <marc:subfield code="r">Eiji Yamada著</marc:subfield>
          </marc:datafield>
          <marc:datafield tag="505" ind1="0" ind2="0">
            <marc:subfield code="t">On some instances of vowel shortening in stressed syllables in the evolution of English phonology</marc:subfield>
            <marc:subfield code="r">Norio Yamada著</marc:subfield>
          </marc:datafield>
          <marc:datafield tag="505" ind1="0" ind2="0">
            <marc:subfield code="t">Some considerations on class I affixes and class II affixes in early English</marc:subfield>
            <marc:subfield code="r">Hiroshi Yonekura著</marc:subfield>
          </marc:datafield>
          <marc:datafield tag="505" ind1="0" ind2="0">
            <marc:subfield code="t">定形動詞補部に生じる非定形動詞の時制解釈</marc:subfield>
            <marc:subfield code="r">和田尚明著</marc:subfield>
          </marc:datafield>
          <marc:datafield tag="505" ind1="0" ind2="0">
            <marc:subfield code="t">エリザベス朝の劇団と地方巡業</marc:subfield>
            <marc:subfield code="r">太田一昭著</marc:subfield>
          </marc:datafield>
          <marc:datafield tag="505" ind1="0" ind2="0">
            <marc:subfield code="t">Oscar Wilde's encounter with a new woman : three masks of lady wilde</marc:subfield>
            <marc:subfield code="r">Takashi Kaijima著</marc:subfield>
          </marc:datafield>
          <marc:datafield tag="505" ind1="0" ind2="0">
            <marc:subfield code="t">“A stout carl for the nones" : fictionality and actuality in Chaucer's courtly narrative</marc:subfield>
            <marc:subfield code="r">Masatoshi Kawasaki著</marc:subfield>
          </marc:datafield>
          <marc:datafield tag="505" ind1="0" ind2="0">
            <marc:subfield code="t">「秘密の共有者」におけるテキストの構造</marc:subfield>
            <marc:subfield code="r">後藤隆浩著</marc:subfield>
          </marc:datafield>
          <marc:datafield tag="505" ind1="0" ind2="0">
            <marc:subfield code="t">ローマの民衆と祝祭 : 『ジュリアス・シーザー』のカーニバル構造</marc:subfield>
            <marc:subfield code="r">自見壽史著</marc:subfield>
          </marc:datafield>
          <marc:datafield tag="505" ind1="0" ind2="0">
            <marc:subfield code="t">ジェイムズ・ウェルドン・ジョンソンの「黒い太平洋」 : ニカラグア, 満州, 日本</marc:subfield>
            <marc:subfield code="r">竹谷悦子著</marc:subfield>
          </marc:datafield>
          <marc:datafield tag="505" ind1="0" ind2="0">
            <marc:subfield code="t">MacbethのequivocationとShakespeareの作劇術</marc:subfield>
            <marc:subfield code="r">田中一隆著</marc:subfield>
          </marc:datafield>
          <marc:datafield tag="505" ind1="0" ind2="0">
            <marc:subfield code="t">The Eustace diamonds : トロロープ版ヒーロー不在の小説</marc:subfield>
            <marc:subfield code="r">波多野葉子著</marc:subfield>
          </marc:datafield>
          <marc:datafield tag="505" ind1="0" ind2="0">
            <marc:subfield code="t">異文化演劇の21世紀 : 多様性をとおしての共生と共創のために</marc:subfield>
            <marc:subfield code="r">浜名恵美著</marc:subfield>
          </marc:datafield>
          <marc:datafield tag="505" ind1="0" ind2="0">
            <marc:subfield code="t">カナダ詩人アル・パーディの詩の声 : チャールズ・ブコウスキーとの関わりから</marc:subfield>
            <marc:subfield code="r">松田寿一著</marc:subfield>
          </marc:datafield>
          <marc:datafield tag="505" ind1="0" ind2="0">
            <marc:subfield code="t">Proportion correct by item classification and comparison of attainment level of Japanese readers on TOEFL test performance</marc:subfield>
            <marc:subfield code="r">Yuji Ushiro著</marc:subfield>
          </marc:datafield>
          <marc:datafield tag="505" ind1="0" ind2="0">
            <marc:subfield code="t">音韻的ワーキングメモリにおける英語の母語話者と日本人学習者の記憶表象に関する比較研究</marc:subfield>
            <marc:subfield code="r">佐久間康之著</marc:subfield>
          </marc:datafield>
          <marc:datafield tag="505" ind1="0" ind2="0">
            <marc:subfield code="t">小学校英語への文字導入についての考察</marc:subfield>
            <marc:subfield code="r">中村典生著</marc:subfield>
          </marc:datafield>
          <marc:datafield tag="505" ind1="0" ind2="0">
            <marc:subfield code="t">英語習得における言語学的距離</marc:subfield>
            <marc:subfield code="r">平井明代著</marc:subfield>
          </marc:datafield>
          <marc:datafield tag="650" ind1=" " ind2="7">
            <marc:subfield code="6">880-04</marc:subfield>
            <marc:subfield code="a">藤原, 保明</marc:subfield>
            <marc:subfield code="2">BSH</marc:subfield>
          </marc:datafield>
          <marc:datafield tag="650" ind1=" " ind2="7">
            <marc:subfield code="6">880-05</marc:subfield>
            <marc:subfield code="a">英語学</marc:subfield>
            <marc:subfield code="2">BSH</marc:subfield>
          </marc:datafield>
          <marc:datafield tag="650" ind1=" " ind2="7">
            <marc:subfield code="6">880-06</marc:subfield>
            <marc:subfield code="a">英文学</marc:subfield>
            <marc:subfield code="2">BSH</marc:subfield>
          </marc:datafield>
          <marc:datafield tag="740" ind1="0" ind2=" ">
            <marc:subfield code="a">言葉の絆</marc:subfield>
          </marc:datafield>
          <marc:datafield tag="852" ind1=" " ind2=" ">
            <marc:subfield code="a">九大理系(FA02289X)</marc:subfield>
            <marc:subfield code="k">830.4/U 94</marc:subfield>
            <marc:subfield code="m">NDC</marc:subfield>
            <marc:subfield code="b">Ito</marc:subfield>
            <marc:subfield code="x">Research room</marc:subfield>
            <marc:subfield code="j">言文 英語13</marc:subfield>
            <marc:subfield code="g">Languages and Cultures</marc:subfield>
            <marc:subfield code="p">058112006051813</marc:subfield>
            <marc:subfield code="f">4758921296</marc:subfield>
            <marc:subfield code="6">2007-01-17</marc:subfield>
            <marc:subfield code="i">MB335813</marc:subfield>
          </marc:datafield>
          <marc:datafield tag="880" ind1="1" ind2=" ">
            <marc:subfield code="6">100-01/$1</marc:subfield>
            <marc:subfield code="a">ウシロ, ユウジ</marc:subfield>
          </marc:datafield>
          <marc:datafield tag="880" ind1="1" ind2="0">
            <marc:subfield code="6">245-02/$1</marc:subfield>
            <marc:subfield code="a">コトバ ノ キズナ : フジワラ ヤスアキ ハカセ カンレキ キネン ロンブンシュウ</marc:subfield>
          </marc:datafield>
          <marc:datafield tag="880" ind1="3" ind2="3">
            <marc:subfield code="6">246-03/$1</marc:subfield>
            <marc:subfield code="a">コトバ ノ キズナ : フジワラ ヤスアキ ハクシ カンレキ キネン ロンブンシュウ</marc:subfield>
          </marc:datafield>
          <marc:datafield tag="880" ind1=" " ind2="7">
            <marc:subfield code="6">650-04/$1</marc:subfield>
            <marc:subfield code="a">フジワラ,ヤスアキ</marc:subfield>
          </marc:datafield>
          <marc:datafield tag="880" ind1=" " ind2="7">
            <marc:subfield code="6">650-05/$1</marc:subfield>
            <marc:subfield code="a">エイゴガク</marc:subfield>
          </marc:datafield>
          <marc:datafield tag="880" ind1=" " ind2="7">
            <marc:subfield code="6">650-06/$1</marc:subfield>
            <marc:subfield code="a">エイブンガク</marc:subfield>
          </marc:datafield>
        </marc:record>
      </metadata>
    </record>