
    <record>
      <header>
        <identifier>oai:carli.illinois.edu:CARLIVoyager2/253</identifier>
        <datestamp>2011-10-21T15:25:34Z</datestamp>
        <setSpec>bib</setSpec>
      </header>
      <metadata>
        <marc:record xmlns:marc="http://www.loc.gov/MARC21/slim" xmlns:xsi="http://www.w3.org/2001/XMLSchema-instance" xsi:schemaLocation="http://www.loc.gov/MARC21/slim http://xc.ilcso.uiuc.edu:8080/OAIToolkit2/schema/MARC21slim_custom.xsd">
          <marc:leader>02130nam a2200313zi 4500</marc:leader>
          <marc:controlfield tag="001">BA90062654</marc:controlfield>
          <marc:controlfield tag="003">NII</marc:controlfield>
          <marc:controlfield tag="005">20110909142439.0</marc:controlfield>
          <marc:controlfield tag="007">ta </marc:controlfield>
          <marc:controlfield tag="008">090918s2009    ja ||||||b||||||||||jpn|d</marc:controlfield>
          <marc:datafield tag="016" ind1="7" ind2=" ">
            <marc:subfield code="a">BA90062654</marc:subfield>
            <marc:subfield code="2">JP-ToKJK</marc:subfield>
          </marc:datafield>
          <marc:datafield tag="020" ind1=" " ind2=" ">
            <marc:subfield code="a">9784810606522</marc:subfield>
            <marc:subfield code="c">3600円+税</marc:subfield>
          </marc:datafield>
          <marc:datafield tag="040" ind1=" " ind2=" ">
            <marc:subfield code="a">NII</marc:subfield>
          </marc:datafield>
          <marc:datafield tag="041" ind1="0" ind2=" ">
            <marc:subfield code="a">jpn</marc:subfield>
          </marc:datafield>
          <marc:datafield tag="044" ind1=" " ind2=" ">
            <marc:subfield code="a">ja</marc:subfield>
            <marc:subfield code="5">NII</marc:subfield>
          </marc:datafield>
          <marc:datafield tag="100" ind1="1" ind2=" ">
            <marc:subfield code="6">880-01</marc:subfield>
            <marc:subfield code="a">土木学会コンクリート委員会ローマコンクリート調査小委員会</marc:subfield>
          </marc:datafield>
          <marc:datafield tag="245" ind1="1" ind2="0">
            <marc:subfield code="a">古代ローマコンクリート</marc:subfield>
            <marc:subfield code="b">ソンマ・ヴェスヴィアーナ遺跡から発掘されたコンクリートの調査と分析</marc:subfield>
            <marc:subfield code="c">土木学会コンクリート委員会ローマコンクリート調査委員会編集</marc:subfield>
            <marc:subfield code="6">880-02</marc:subfield>
          </marc:datafield>
          <marc:datafield tag="246" ind1="3" ind2="3">
            <marc:subfield code="6">880-03</marc:subfield>
            <marc:subfield code="a">古代ローマコンクリート : ソンマヴェスヴィアーナ遺跡から発掘されたコンクリートの調査と分析</marc:subfield>
          </marc:datafield>
          <marc:datafield tag="260" ind1=" " ind2=" ">
            <marc:subfield code="a">東京</marc:subfield>
            <marc:subfield code="b">土木学会</marc:subfield>
            <marc:subfield code="a">東京</marc:subfield>
            <marc:subfield code="b">丸善 (発売)</marc:subfield>
            <marc:subfield code="c">2009.4</marc:subfield>
          </marc:datafield>
          <marc:datafield tag="300" ind1=" " ind2=" ">
            <marc:subfield code="a">134p</marc:subfield>
            <marc:subfield code="b">挿図</marc:subfield>
            <marc:subfield code="c">30cm</marc:subfield>
          </marc:datafield>
          <marc:datafield tag="490" ind1="0" ind2=" ">
            <marc:subfield code="6">880-04</marc:subfield>
            <marc:subfield code="a">コンクリート・ライブラリー / 土木学会コンクリート委員会編</marc:subfield>
            <marc:subfield code="3">BN01147972</marc:subfield>
            <marc:subfield code="v">131</marc:subfield>
          </marc:datafield>
          <marc:datafield tag="740" ind1="0" ind2=" ">
            <marc:subfield code="a">古代ローマコンクリート</marc:subfield>
          </marc:datafield>
          <marc:datafield tag="830" ind1=" " ind2=" ">
            <marc:subfield code="w">BN01147972</marc:subfield>
          </marc:datafield>
          <marc:datafield tag="852" ind1=" " ind2=" ">
            <marc:subfield code="a">九大理系(FA02289X)</marc:subfield>
            <marc:subfield code="k">511.08/C 86</marc:subfield>
            <marc:subfield code="m">NDC</marc:subfield>
            <marc:subfield code="b">Ito</marc:subfield>
            <marc:subfield code="c">継続</marc:subfield>
            <marc:subfield code="x">Research room</marc:subfield>
            <marc:subfield code="j">工 建設都市図書室</marc:subfield>
            <marc:subfield code="g">ENGINEERING Civil Engineering</marc:subfield>
            <marc:subfield code="p">027112009000101</marc:subfield>
            <marc:subfield code="f">9784810606522</marc:subfield>
            <marc:subfield code="6">2009-05-29</marc:subfield>
            <marc:subfield code="i">HA069180</marc:subfield>
          </marc:datafield>
          <marc:datafield tag="880" ind1="1" ind2=" ">
            <marc:subfield code="6">100-01/$1</marc:subfield>
            <marc:subfield code="a">ドボク ガッカイ コンクリート イインカイ ローマ コンクリート チョウサ ショウイインカイ</marc:subfield>
          </marc:datafield>
          <marc:datafield tag="880" ind1="1" ind2="0">
            <marc:subfield code="6">245-02/$1</marc:subfield>
            <marc:subfield code="a">コダイ ローマ コンクリート : ソンマ ヴェスヴィアーナ イセキ カラ ハックツ サレタ コンクリート ノ チョウサ ト ブンセキ</marc:subfield>
          </marc:datafield>
          <marc:datafield tag="880" ind1="3" ind2="3">
            <marc:subfield code="6">246-03/$1</marc:subfield>
            <marc:subfield code="a">コダイ ローマ コンクリート : ソンマ ヴェスヴィアーナ イセキ カラ ハックツ サレタ コンクリート ノ チョウサ ト ブンセキ</marc:subfield>
          </marc:datafield>
          <marc:datafield tag="880" ind1="0" ind2=" ">
            <marc:subfield code="6">490-04/$1</marc:subfield>
            <marc:subfield code="a">コンクリート ライブラリー</marc:subfield>
          </marc:datafield>
        </marc:record>
      </metadata>
    </record>