
    <record>
      <header>
        <identifier>oai:carli.illinois.edu:CARLIVoyager2/267</identifier>
        <datestamp>2011-10-21T15:25:34Z</datestamp>
        <setSpec>bib</setSpec>
      </header>
      <metadata>
        <marc:record xmlns:marc="http://www.loc.gov/MARC21/slim" xmlns:xsi="http://www.w3.org/2001/XMLSchema-instance" xsi:schemaLocation="http://www.loc.gov/MARC21/slim http://xc.ilcso.uiuc.edu:8080/OAIToolkit2/schema/MARC21slim_custom.xsd">
          <marc:leader>04063nam a2200757zi 4500</marc:leader>
          <marc:controlfield tag="001">BN00280048</marc:controlfield>
          <marc:controlfield tag="003">NII</marc:controlfield>
          <marc:controlfield tag="005">20110909142442.0</marc:controlfield>
          <marc:controlfield tag="007">ta </marc:controlfield>
          <marc:controlfield tag="008">090915s1983    ja ||||||b||||||||||jpn|d</marc:controlfield>
          <marc:datafield tag="015" ind1=" " ind2=" ">
            <marc:subfield code="a">JP84015279</marc:subfield>
            <marc:subfield code="2">kktzm</marc:subfield>
          </marc:datafield>
          <marc:datafield tag="016" ind1="7" ind2=" ">
            <marc:subfield code="a">BN00280048</marc:subfield>
            <marc:subfield code="2">JP-ToKJK</marc:subfield>
          </marc:datafield>
          <marc:datafield tag="020" ind1=" " ind2=" ">
            <marc:subfield code="a">([第1集])</marc:subfield>
            <marc:subfield code="c">4000円</marc:subfield>
          </marc:datafield>
          <marc:datafield tag="020" ind1=" " ind2=" ">
            <marc:subfield code="a">4784104534(第2集)</marc:subfield>
            <marc:subfield code="c">3800円</marc:subfield>
          </marc:datafield>
          <marc:datafield tag="020" ind1=" " ind2=" ">
            <marc:subfield code="a">4784104992(第3集)</marc:subfield>
            <marc:subfield code="c">5800円</marc:subfield>
          </marc:datafield>
          <marc:datafield tag="020" ind1=" " ind2=" ">
            <marc:subfield code="a">4784105182(第4集)</marc:subfield>
            <marc:subfield code="c">4000円+税</marc:subfield>
          </marc:datafield>
          <marc:datafield tag="040" ind1=" " ind2=" ">
            <marc:subfield code="a">NII</marc:subfield>
          </marc:datafield>
          <marc:datafield tag="041" ind1="1" ind2=" ">
            <marc:subfield code="a">jpn</marc:subfield>
            <marc:subfield code="h">eng</marc:subfield>
          </marc:datafield>
          <marc:datafield tag="044" ind1=" " ind2=" ">
            <marc:subfield code="a">ja</marc:subfield>
            <marc:subfield code="5">NII</marc:subfield>
          </marc:datafield>
          <marc:datafield tag="084" ind1=" " ind2=" ">
            <marc:subfield code="a">931</marc:subfield>
            <marc:subfield code="2">NDC8</marc:subfield>
          </marc:datafield>
          <marc:datafield tag="084" ind1=" " ind2=" ">
            <marc:subfield code="a">KS141</marc:subfield>
            <marc:subfield code="2">NDLC</marc:subfield>
          </marc:datafield>
          <marc:datafield tag="100" ind1="1" ind2=" ">
            <marc:subfield code="6">880-01</marc:subfield>
            <marc:subfield code="a">中世英国ロマンス研究会</marc:subfield>
            <marc:subfield code="e">訳</marc:subfield>
            <marc:subfield code="0">(NII)DA00350669</marc:subfield>
          </marc:datafield>
          <marc:datafield tag="245" ind1="1" ind2="0">
            <marc:subfield code="a">中世英国ロマンス集</marc:subfield>
            <marc:subfield code="c">中世英国ロマンス研究会訳</marc:subfield>
            <marc:subfield code="6">880-02</marc:subfield>
          </marc:datafield>
          <marc:datafield tag="260" ind1=" " ind2=" ">
            <marc:subfield code="a">東京</marc:subfield>
            <marc:subfield code="b">篠崎書林</marc:subfield>
            <marc:subfield code="c">1983.2-</marc:subfield>
          </marc:datafield>
          <marc:datafield tag="300" ind1=" " ind2=" ">
            <marc:subfield code="a">冊</marc:subfield>
            <marc:subfield code="c">23cm</marc:subfield>
          </marc:datafield>
          <marc:datafield tag="500" ind1=" " ind2=" ">
            <marc:subfield code="a">参考文献: [第1集]: p230-234. 第2集: p239-244. 第3集: p344-351. 第4集: p271-279</marc:subfield>
          </marc:datafield>
          <marc:datafield tag="500" ind1=" " ind2=" ">
            <marc:subfield code="a">[第1集]の解説: 松原良治</marc:subfield>
          </marc:datafield>
          <marc:datafield tag="505" ind1="0" ind2="0">
            <marc:subfield code="g">[第1集]</marc:subfield>
            <marc:subfield code="t">ホーン王</marc:subfield>
          </marc:datafield>
          <marc:datafield tag="505" ind1="0" ind2="0">
            <marc:subfield code="t">デンマーク人ハヴロック</marc:subfield>
          </marc:datafield>
          <marc:datafield tag="505" ind1="0" ind2="0">
            <marc:subfield code="t">アセルストン</marc:subfield>
          </marc:datafield>
          <marc:datafield tag="505" ind1="0" ind2="0">
            <marc:subfield code="t">ガメリン</marc:subfield>
          </marc:datafield>
          <marc:datafield tag="505" ind1="0" ind2="0">
            <marc:subfield code="g">第2集</marc:subfield>
            <marc:subfield code="t">デガレ卿</marc:subfield>
          </marc:datafield>
          <marc:datafield tag="505" ind1="0" ind2="0">
            <marc:subfield code="t">オーフェオ卿</marc:subfield>
          </marc:datafield>
          <marc:datafield tag="505" ind1="0" ind2="0">
            <marc:subfield code="t">ローンファル卿</marc:subfield>
          </marc:datafield>
          <marc:datafield tag="505" ind1="0" ind2="0">
            <marc:subfield code="t">トゥールーズ伯爵</marc:subfield>
          </marc:datafield>
          <marc:datafield tag="505" ind1="0" ind2="0">
            <marc:subfield code="t">エマレ</marc:subfield>
          </marc:datafield>
          <marc:datafield tag="505" ind1="0" ind2="0">
            <marc:subfield code="t">フレーヌの詩</marc:subfield>
          </marc:datafield>
          <marc:datafield tag="505" ind1="0" ind2="0">
            <marc:subfield code="t">ゴウサー卿</marc:subfield>
          </marc:datafield>
          <marc:datafield tag="505" ind1="0" ind2="0">
            <marc:subfield code="g">第3集</marc:subfield>
            <marc:subfield code="t">イーガーとグライム</marc:subfield>
          </marc:datafield>
          <marc:datafield tag="505" ind1="0" ind2="0">
            <marc:subfield code="t">身分の低い楯持ち</marc:subfield>
          </marc:datafield>
          <marc:datafield tag="505" ind1="0" ind2="0">
            <marc:subfield code="t">フローリスとブランチフルール</marc:subfield>
          </marc:datafield>
          <marc:datafield tag="505" ind1="0" ind2="0">
            <marc:subfield code="t">クレジェス卿</marc:subfield>
          </marc:datafield>
          <marc:datafield tag="505" ind1="0" ind2="0">
            <marc:subfield code="t">シシリーのロバート</marc:subfield>
          </marc:datafield>
          <marc:datafield tag="505" ind1="0" ind2="0">
            <marc:subfield code="t">エドワード王と羊飼い</marc:subfield>
          </marc:datafield>
          <marc:datafield tag="505" ind1="0" ind2="0">
            <marc:subfield code="t">オクタヴィアン</marc:subfield>
          </marc:datafield>
          <marc:datafield tag="505" ind1="0" ind2="0">
            <marc:subfield code="t">イサンブラス卿</marc:subfield>
          </marc:datafield>
          <marc:datafield tag="505" ind1="0" ind2="0">
            <marc:subfield code="t">アマダス卿</marc:subfield>
          </marc:datafield>
          <marc:datafield tag="505" ind1="0" ind2="0">
            <marc:subfield code="g">第4集</marc:subfield>
            <marc:subfield code="t">ローマの善女フロレンス</marc:subfield>
          </marc:datafield>
          <marc:datafield tag="505" ind1="0" ind2="0">
            <marc:subfield code="t">トライアムア卿</marc:subfield>
          </marc:datafield>
          <marc:datafield tag="505" ind1="0" ind2="0">
            <marc:subfield code="t">ターズの王</marc:subfield>
          </marc:datafield>
          <marc:datafield tag="505" ind1="0" ind2="0">
            <marc:subfield code="t">アミスとアミルーン</marc:subfield>
          </marc:datafield>
          <marc:datafield tag="650" ind1=" " ind2="7">
            <marc:subfield code="6">880-03</marc:subfield>
            <marc:subfield code="a">イギリス詩 -- 詩集</marc:subfield>
            <marc:subfield code="2">NDLSH</marc:subfield>
          </marc:datafield>
          <marc:datafield tag="740" ind1="0" ind2=" ">
            <marc:subfield code="a">中世英国ロマンス集</marc:subfield>
          </marc:datafield>
          <marc:datafield tag="852" ind1=" " ind2=" ">
            <marc:subfield code="a">九大理系(FA02289X)</marc:subfield>
            <marc:subfield code="k">933.4/C 67</marc:subfield>
            <marc:subfield code="m">NDC</marc:subfield>
            <marc:subfield code="b">Ito</marc:subfield>
            <marc:subfield code="x">Library</marc:subfield>
            <marc:subfield code="j">伊都中央 2F開架</marc:subfield>
            <marc:subfield code="g">ItoChuo 2F Open Stacks</marc:subfield>
            <marc:subfield code="p">052112001000406</marc:subfield>
            <marc:subfield code="f">4784105182</marc:subfield>
            <marc:subfield code="8">第4集</marc:subfield>
            <marc:subfield code="6">2002-07-17</marc:subfield>
            <marc:subfield code="i">OQ991000</marc:subfield>
          </marc:datafield>
          <marc:datafield tag="852" ind1=" " ind2=" ">
            <marc:subfield code="a">九大理系(FA02289X)</marc:subfield>
            <marc:subfield code="k">933.4/C 67/58970662</marc:subfield>
            <marc:subfield code="m">NDC</marc:subfield>
            <marc:subfield code="b">Ito</marc:subfield>
            <marc:subfield code="x">Library</marc:subfield>
            <marc:subfield code="j">伊都中央 2F開架</marc:subfield>
            <marc:subfield code="g">ItoChuo 2F Open Stacks</marc:subfield>
            <marc:subfield code="p">058121997006628</marc:subfield>
            <marc:subfield code="f">4784104534</marc:subfield>
            <marc:subfield code="8">第2集</marc:subfield>
            <marc:subfield code="6">2002-02-12</marc:subfield>
            <marc:subfield code="i">OQ991000</marc:subfield>
          </marc:datafield>
          <marc:datafield tag="852" ind1=" " ind2=" ">
            <marc:subfield code="a">九大理系(FA02289X)</marc:subfield>
            <marc:subfield code="k">933.4/C 67/58970663</marc:subfield>
            <marc:subfield code="m">NDC</marc:subfield>
            <marc:subfield code="b">Ito</marc:subfield>
            <marc:subfield code="x">Library</marc:subfield>
            <marc:subfield code="j">伊都中央 2F開架</marc:subfield>
            <marc:subfield code="g">ItoChuo 2F Open Stacks</marc:subfield>
            <marc:subfield code="p">058121997006631</marc:subfield>
            <marc:subfield code="f">4784104992</marc:subfield>
            <marc:subfield code="8">第3集</marc:subfield>
            <marc:subfield code="6">2002-02-12</marc:subfield>
            <marc:subfield code="i">OQ991000</marc:subfield>
          </marc:datafield>
          <marc:datafield tag="852" ind1=" " ind2=" ">
            <marc:subfield code="a">九大(FA003454)</marc:subfield>
            <marc:subfield code="k">大江文庫/OE,ME/11</marc:subfield>
            <marc:subfield code="m">OTHER</marc:subfield>
            <marc:subfield code="b">Humanities and Social Sciences</marc:subfield>
            <marc:subfield code="c">118901729</marc:subfield>
            <marc:subfield code="x">Library</marc:subfield>
            <marc:subfield code="j">文 英文一</marc:subfield>
            <marc:subfield code="g">LETTERS, English Literature-1</marc:subfield>
            <marc:subfield code="p">068051189028885</marc:subfield>
            <marc:subfield code="8">[1]</marc:subfield>
            <marc:subfield code="6">2002-02-12</marc:subfield>
            <marc:subfield code="i">AA303100</marc:subfield>
          </marc:datafield>
          <marc:datafield tag="852" ind1=" " ind2=" ">
            <marc:subfield code="a">九大(FA003454)</marc:subfield>
            <marc:subfield code="k">英文/QA/160</marc:subfield>
            <marc:subfield code="m">OTHER</marc:subfield>
            <marc:subfield code="b">Humanities and Social Sciences</marc:subfield>
            <marc:subfield code="c">119313220</marc:subfield>
            <marc:subfield code="x">Research room</marc:subfield>
            <marc:subfield code="j">文 英文(研究室)</marc:subfield>
            <marc:subfield code="g">LETTERS, English Literature research room</marc:subfield>
            <marc:subfield code="p">068051193037788</marc:subfield>
            <marc:subfield code="f">4784104992</marc:subfield>
            <marc:subfield code="8">第3集</marc:subfield>
            <marc:subfield code="6">2009-11-13</marc:subfield>
            <marc:subfield code="i">AA303090</marc:subfield>
          </marc:datafield>
          <marc:datafield tag="852" ind1=" " ind2=" ">
            <marc:subfield code="a">九大(FA003454)</marc:subfield>
            <marc:subfield code="k">英文/5/290</marc:subfield>
            <marc:subfield code="m">OTHER</marc:subfield>
            <marc:subfield code="b">Humanities and Social Sciences</marc:subfield>
            <marc:subfield code="c">119313220</marc:subfield>
            <marc:subfield code="x">Library</marc:subfield>
            <marc:subfield code="j">文 英文二</marc:subfield>
            <marc:subfield code="g">LETTERS, English Literature-2</marc:subfield>
            <marc:subfield code="p">068051193037802</marc:subfield>
            <marc:subfield code="f">4784104992</marc:subfield>
            <marc:subfield code="8">第3集</marc:subfield>
            <marc:subfield code="6">2002-02-12</marc:subfield>
            <marc:subfield code="i">AA303200</marc:subfield>
          </marc:datafield>
          <marc:datafield tag="852" ind1=" " ind2=" ">
            <marc:subfield code="a">九大理系(FA02289X)</marc:subfield>
            <marc:subfield code="k">939/C 67/1〔1〕</marc:subfield>
            <marc:subfield code="m">NDC</marc:subfield>
            <marc:subfield code="b">Ito</marc:subfield>
            <marc:subfield code="c">118901729</marc:subfield>
            <marc:subfield code="x">Library</marc:subfield>
            <marc:subfield code="j">伊都中央 2F開架</marc:subfield>
            <marc:subfield code="g">ItoChuo 2F Open Stacks</marc:subfield>
            <marc:subfield code="p">068581188022695</marc:subfield>
            <marc:subfield code="8">[1]</marc:subfield>
            <marc:subfield code="6">2002-02-12</marc:subfield>
            <marc:subfield code="i">OQ991000</marc:subfield>
          </marc:datafield>
          <marc:datafield tag="852" ind1=" " ind2=" ">
            <marc:subfield code="a">九大理系(FA02289X)</marc:subfield>
            <marc:subfield code="k">939/C 67/1(2)</marc:subfield>
            <marc:subfield code="m">NDC</marc:subfield>
            <marc:subfield code="b">Ito</marc:subfield>
            <marc:subfield code="c">118901730</marc:subfield>
            <marc:subfield code="x">Library</marc:subfield>
            <marc:subfield code="j">伊都中央 2F開架</marc:subfield>
            <marc:subfield code="g">ItoChuo 2F Open Stacks</marc:subfield>
            <marc:subfield code="p">068581188022706</marc:subfield>
            <marc:subfield code="f">4784104534</marc:subfield>
            <marc:subfield code="8">第2集</marc:subfield>
            <marc:subfield code="6">2002-02-12</marc:subfield>
            <marc:subfield code="i">OQ991000</marc:subfield>
          </marc:datafield>
          <marc:datafield tag="852" ind1=" " ind2=" ">
            <marc:subfield code="a">九大理系(FA02289X)</marc:subfield>
            <marc:subfield code="k">939/C 67/1(3)</marc:subfield>
            <marc:subfield code="m">NDC</marc:subfield>
            <marc:subfield code="b">Ito</marc:subfield>
            <marc:subfield code="c">119313220</marc:subfield>
            <marc:subfield code="x">Library</marc:subfield>
            <marc:subfield code="j">伊都中央 2F開架</marc:subfield>
            <marc:subfield code="g">ItoChuo 2F Open Stacks</marc:subfield>
            <marc:subfield code="p">068581193018910</marc:subfield>
            <marc:subfield code="f">4784104992</marc:subfield>
            <marc:subfield code="8">第3集</marc:subfield>
            <marc:subfield code="6">2002-02-12</marc:subfield>
            <marc:subfield code="i">OQ991000</marc:subfield>
          </marc:datafield>
          <marc:datafield tag="880" ind1="1" ind2=" ">
            <marc:subfield code="6">100-01/$1</marc:subfield>
            <marc:subfield code="a">チュウセイ エイコク ロマンス ケンキュウカイ</marc:subfield>
          </marc:datafield>
          <marc:datafield tag="880" ind1="1" ind2="0">
            <marc:subfield code="6">245-02/$1</marc:subfield>
            <marc:subfield code="a">チュウセイ エイコク ロマンスシュウ</marc:subfield>
          </marc:datafield>
          <marc:datafield tag="880" ind1=" " ind2="7">
            <marc:subfield code="6">650-03/$1</marc:subfield>
            <marc:subfield code="a">イギリスシ -- シシュウ</marc:subfield>
          </marc:datafield>
        </marc:record>
      </metadata>
    </record>