
    <record>
      <header>
        <identifier>oai:carli.illinois.edu:CARLIVoyager2/274</identifier>
        <datestamp>2011-10-21T15:25:34Z</datestamp>
        <setSpec>bib</setSpec>
      </header>
      <metadata>
        <marc:record xmlns:marc="http://www.loc.gov/MARC21/slim" xmlns:xsi="http://www.w3.org/2001/XMLSchema-instance" xsi:schemaLocation="http://www.loc.gov/MARC21/slim http://xc.ilcso.uiuc.edu:8080/OAIToolkit2/schema/MARC21slim_custom.xsd">
          <marc:leader>01848nam a2200445zi 4500</marc:leader>
          <marc:controlfield tag="001">BN00304612</marc:controlfield>
          <marc:controlfield tag="003">NII</marc:controlfield>
          <marc:controlfield tag="005">20110909142444.0</marc:controlfield>
          <marc:controlfield tag="007">ta </marc:controlfield>
          <marc:controlfield tag="008">090911s1985    ja ||||||b||||||||||jpn|d</marc:controlfield>
          <marc:datafield tag="015" ind1=" " ind2=" ">
            <marc:subfield code="a">JP86046790</marc:subfield>
            <marc:subfield code="2">kktzm</marc:subfield>
          </marc:datafield>
          <marc:datafield tag="016" ind1="7" ind2=" ">
            <marc:subfield code="a">BN00304612</marc:subfield>
            <marc:subfield code="2">JP-ToKJK</marc:subfield>
          </marc:datafield>
          <marc:datafield tag="020" ind1=" " ind2=" ">
            <marc:subfield code="a">4276011256</marc:subfield>
            <marc:subfield code="c">12500円</marc:subfield>
          </marc:datafield>
          <marc:datafield tag="040" ind1=" " ind2=" ">
            <marc:subfield code="a">NII</marc:subfield>
          </marc:datafield>
          <marc:datafield tag="041" ind1="1" ind2=" ">
            <marc:subfield code="a">jpn</marc:subfield>
            <marc:subfield code="h">ger</marc:subfield>
          </marc:datafield>
          <marc:datafield tag="044" ind1=" " ind2=" ">
            <marc:subfield code="a">ja</marc:subfield>
            <marc:subfield code="5">NII</marc:subfield>
          </marc:datafield>
          <marc:datafield tag="084" ind1=" " ind2=" ">
            <marc:subfield code="a">762</marc:subfield>
            <marc:subfield code="2">NDC8</marc:subfield>
          </marc:datafield>
          <marc:datafield tag="084" ind1=" " ind2=" ">
            <marc:subfield code="a">KD141</marc:subfield>
            <marc:subfield code="2">NDLC</marc:subfield>
          </marc:datafield>
          <marc:datafield tag="084" ind1=" " ind2=" ">
            <marc:subfield code="a">KD142</marc:subfield>
            <marc:subfield code="2">NDLC</marc:subfield>
          </marc:datafield>
          <marc:datafield tag="100" ind1="1" ind2=" ">
            <marc:subfield code="a">Fleischhauer, Günter</marc:subfield>
            <marc:subfield code="0">(NII)DA00374430</marc:subfield>
          </marc:datafield>
          <marc:datafield tag="245" ind1="1" ind2="0">
            <marc:subfield code="a">エトルリアとローマ</marc:subfield>
            <marc:subfield code="c">ギュンター・フライシュハウアー著</marc:subfield>
            <marc:subfield code="6">880-01</marc:subfield>
          </marc:datafield>
          <marc:datafield tag="246" ind1="3" ind2="3">
            <marc:subfield code="a">Etrurien und Rom</marc:subfield>
          </marc:datafield>
          <marc:datafield tag="246" ind1="3" ind2="3">
            <marc:subfield code="a">Musikgeschichte in Bildern</marc:subfield>
          </marc:datafield>
          <marc:datafield tag="246" ind1="3" ind2="3">
            <marc:subfield code="a">Musik des Altertums</marc:subfield>
          </marc:datafield>
          <marc:datafield tag="260" ind1=" " ind2=" ">
            <marc:subfield code="a">東京</marc:subfield>
            <marc:subfield code="b">音楽之友社</marc:subfield>
            <marc:subfield code="c">1985.8</marc:subfield>
          </marc:datafield>
          <marc:datafield tag="300" ind1=" " ind2=" ">
            <marc:subfield code="a">190p</marc:subfield>
            <marc:subfield code="c">35cm</marc:subfield>
          </marc:datafield>
          <marc:datafield tag="490" ind1="0" ind2=" ">
            <marc:subfield code="6">880-02</marc:subfield>
            <marc:subfield code="a">人間と音楽の歴史 / ハインリヒ・ベッセラー, マックス・シュナイダー監修</marc:subfield>
            <marc:subfield code="3">BN00080537</marc:subfield>
            <marc:subfield code="v">ヴェルナー・バッハマン編集</marc:subfield>
          </marc:datafield>
          <marc:datafield tag="490" ind1="0" ind2=" ">
            <marc:subfield code="6">880-02</marc:subfield>
            <marc:subfield code="a">古代音楽</marc:subfield>
            <marc:subfield code="v">第5巻</marc:subfield>
          </marc:datafield>
          <marc:datafield tag="500" ind1=" " ind2=" ">
            <marc:subfield code="a">年表・文献一覧表: p145-178</marc:subfield>
          </marc:datafield>
          <marc:datafield tag="500" ind1=" " ind2=" ">
            <marc:subfield code="a">付: 参考文献</marc:subfield>
          </marc:datafield>
          <marc:datafield tag="650" ind1=" " ind2="7">
            <marc:subfield code="6">880-03</marc:subfield>
            <marc:subfield code="a">音楽(西洋) -- 歴史</marc:subfield>
            <marc:subfield code="2">NDLSH</marc:subfield>
          </marc:datafield>
          <marc:datafield tag="740" ind1="0" ind2=" ">
            <marc:subfield code="a">エトルリアとローマ</marc:subfield>
          </marc:datafield>
          <marc:datafield tag="830" ind1=" " ind2=" ">
            <marc:subfield code="w">BN00080537</marc:subfield>
          </marc:datafield>
          <marc:datafield tag="852" ind1=" " ind2=" ">
            <marc:subfield code="a">九大(FA003454)</marc:subfield>
            <marc:subfield code="k">762/N 76/2-5</marc:subfield>
            <marc:subfield code="m">NDC</marc:subfield>
            <marc:subfield code="b">Central</marc:subfield>
            <marc:subfield code="x">Library</marc:subfield>
            <marc:subfield code="j">中図 書庫地階 別置</marc:subfield>
            <marc:subfield code="g">CENTRAL LIBRARY Bacement Floor Becchi</marc:subfield>
            <marc:subfield code="p">068031186015172</marc:subfield>
            <marc:subfield code="f">4276011256</marc:subfield>
            <marc:subfield code="6">1998-08-10</marc:subfield>
            <marc:subfield code="i">OA152020</marc:subfield>
          </marc:datafield>
          <marc:datafield tag="852" ind1=" " ind2=" ">
            <marc:subfield code="a">九大芸(FA003476)</marc:subfield>
            <marc:subfield code="k">762.08/B13/2-5</marc:subfield>
            <marc:subfield code="m">OTHER</marc:subfield>
            <marc:subfield code="b">Design</marc:subfield>
            <marc:subfield code="x">Library</marc:subfield>
            <marc:subfield code="j">芸工2階</marc:subfield>
            <marc:subfield code="g">DESIGN LIBRARY</marc:subfield>
            <marc:subfield code="p">072031185009857</marc:subfield>
            <marc:subfield code="f">4276011256</marc:subfield>
            <marc:subfield code="6">2002-08-16</marc:subfield>
            <marc:subfield code="i">OS000021</marc:subfield>
          </marc:datafield>
          <marc:datafield tag="880" ind1="1" ind2="0">
            <marc:subfield code="6">245-01/$1</marc:subfield>
            <marc:subfield code="a">エトルリア ト ローマ</marc:subfield>
          </marc:datafield>
          <marc:datafield tag="880" ind1="0" ind2=" ">
            <marc:subfield code="6">490-02/$1</marc:subfield>
            <marc:subfield code="a">ニンゲン ト オンガク ノ レキシ</marc:subfield>
          </marc:datafield>
          <marc:datafield tag="880" ind1="0" ind2=" ">
            <marc:subfield code="6">490-02/$1</marc:subfield>
            <marc:subfield code="a">コダイ オンガク</marc:subfield>
          </marc:datafield>
          <marc:datafield tag="880" ind1=" " ind2="7">
            <marc:subfield code="6">650-03/$1</marc:subfield>
            <marc:subfield code="a">オンガク(セイヨウ) -- レキシ</marc:subfield>
          </marc:datafield>
        </marc:record>
      </metadata>
    </record>