
    <record>
      <header>
        <identifier>oai:carli.illinois.edu:CARLIVoyager2/319</identifier>
        <datestamp>2011-10-21T15:25:34Z</datestamp>
        <setSpec>bib</setSpec>
      </header>
      <metadata>
        <marc:record xmlns:marc="http://www.loc.gov/MARC21/slim" xmlns:xsi="http://www.w3.org/2001/XMLSchema-instance" xsi:schemaLocation="http://www.loc.gov/MARC21/slim http://xc.ilcso.uiuc.edu:8080/OAIToolkit2/schema/MARC21slim_custom.xsd">
          <marc:leader>03149nam a2200517zi 4500</marc:leader>
          <marc:controlfield tag="001">BN00939228</marc:controlfield>
          <marc:controlfield tag="003">NII</marc:controlfield>
          <marc:controlfield tag="005">20110909142456.0</marc:controlfield>
          <marc:controlfield tag="007">ta </marc:controlfield>
          <marc:controlfield tag="008">090911s1963    ja ||||||b||||||||||jpn|d</marc:controlfield>
          <marc:datafield tag="015" ind1=" " ind2=" ">
            <marc:subfield code="a">JP93016738</marc:subfield>
            <marc:subfield code="2">kktzm</marc:subfield>
          </marc:datafield>
          <marc:datafield tag="016" ind1="7" ind2=" ">
            <marc:subfield code="a">BN00939228</marc:subfield>
            <marc:subfield code="2">JP-ToKJK</marc:subfield>
          </marc:datafield>
          <marc:datafield tag="020" ind1=" " ind2=" ">
            <marc:subfield code="a">4003500040</marc:subfield>
            <marc:subfield code="c">460円+税</marc:subfield>
          </marc:datafield>
          <marc:datafield tag="040" ind1=" " ind2=" ">
            <marc:subfield code="a">NII</marc:subfield>
          </marc:datafield>
          <marc:datafield tag="041" ind1="0" ind2=" ">
            <marc:subfield code="a">jpn</marc:subfield>
          </marc:datafield>
          <marc:datafield tag="044" ind1=" " ind2=" ">
            <marc:subfield code="a">ja</marc:subfield>
            <marc:subfield code="5">NII</marc:subfield>
          </marc:datafield>
          <marc:datafield tag="084" ind1=" " ind2=" ">
            <marc:subfield code="a">991</marc:subfield>
            <marc:subfield code="2">NDC8</marc:subfield>
          </marc:datafield>
          <marc:datafield tag="084" ind1=" " ind2=" ">
            <marc:subfield code="a">KE154</marc:subfield>
            <marc:subfield code="2">NDLC</marc:subfield>
          </marc:datafield>
          <marc:datafield tag="100" ind1="1" ind2=" ">
            <marc:subfield code="6">880-01</marc:subfield>
            <marc:subfield code="a">斎藤, 忍隨(1917-1986)</marc:subfield>
            <marc:subfield code="0">(NII)DA00423219</marc:subfield>
          </marc:datafield>
          <marc:datafield tag="100" ind1="1" ind2=" ">
            <marc:subfield code="6">880-02</marc:subfield>
            <marc:subfield code="a">高津, 春繁(1908-1973)</marc:subfield>
            <marc:subfield code="0">(NII)DA00464748</marc:subfield>
          </marc:datafield>
          <marc:datafield tag="245" ind1="1" ind2="0">
            <marc:subfield code="a">ギリシア・ローマ古典文学案内</marc:subfield>
            <marc:subfield code="c">高津春繁, 斎藤忍随著</marc:subfield>
            <marc:subfield code="6">880-03</marc:subfield>
          </marc:datafield>
          <marc:datafield tag="246" ind1="3" ind2="3">
            <marc:subfield code="6">880-04</marc:subfield>
            <marc:subfield code="a">ギリシヤ・ローマ古典文学案内</marc:subfield>
          </marc:datafield>
          <marc:datafield tag="260" ind1=" " ind2=" ">
            <marc:subfield code="a">東京</marc:subfield>
            <marc:subfield code="b">岩波書店</marc:subfield>
            <marc:subfield code="c">1963.11</marc:subfield>
          </marc:datafield>
          <marc:datafield tag="300" ind1=" " ind2=" ">
            <marc:subfield code="a">205, 18p</marc:subfield>
            <marc:subfield code="b">地図 (2図)</marc:subfield>
            <marc:subfield code="c">15cm</marc:subfield>
          </marc:datafield>
          <marc:datafield tag="490" ind1="0" ind2=" ">
            <marc:subfield code="6">880-05</marc:subfield>
            <marc:subfield code="a">岩波文庫</marc:subfield>
            <marc:subfield code="3">BN00015783</marc:subfield>
            <marc:subfield code="v">別冊-4, 別冊(35)-004-1</marc:subfield>
          </marc:datafield>
          <marc:datafield tag="500" ind1=" " ind2=" ">
            <marc:subfield code="a">人名・書名索引: 巻末</marc:subfield>
          </marc:datafield>
          <marc:datafield tag="650" ind1=" " ind2="7">
            <marc:subfield code="6">880-06</marc:subfield>
            <marc:subfield code="a">ギリシア文学</marc:subfield>
            <marc:subfield code="2">NDLSH</marc:subfield>
          </marc:datafield>
          <marc:datafield tag="650" ind1=" " ind2="7">
            <marc:subfield code="6">880-07</marc:subfield>
            <marc:subfield code="a">ラテン文学</marc:subfield>
            <marc:subfield code="2">NDLSH</marc:subfield>
          </marc:datafield>
          <marc:datafield tag="740" ind1="0" ind2=" ">
            <marc:subfield code="a">ギリシア・ローマ古典文学案内</marc:subfield>
          </marc:datafield>
          <marc:datafield tag="830" ind1=" " ind2=" ">
            <marc:subfield code="w">BN00015783</marc:subfield>
          </marc:datafield>
          <marc:datafield tag="852" ind1=" " ind2=" ">
            <marc:subfield code="a">九大(FA003454)</marc:subfield>
            <marc:subfield code="k">岩波文庫/別冊/4</marc:subfield>
            <marc:subfield code="m">OTHER</marc:subfield>
            <marc:subfield code="b">Central</marc:subfield>
            <marc:subfield code="c">***遡及 291762</marc:subfield>
            <marc:subfield code="x">Library</marc:subfield>
            <marc:subfield code="j">中図 書庫地階</marc:subfield>
            <marc:subfield code="g">CENTRAL LIBRARY Bacement Floor</marc:subfield>
            <marc:subfield code="p">068031480258388</marc:subfield>
            <marc:subfield code="6">1997-12-16</marc:subfield>
            <marc:subfield code="i">OA152000</marc:subfield>
          </marc:datafield>
          <marc:datafield tag="852" ind1=" " ind2=" ">
            <marc:subfield code="a">九大理系(FA02289X)</marc:subfield>
            <marc:subfield code="k">991.2/Ko 99/1</marc:subfield>
            <marc:subfield code="m">NDC</marc:subfield>
            <marc:subfield code="b">Ito</marc:subfield>
            <marc:subfield code="c">***遡及PA2001 備品No.43666</marc:subfield>
            <marc:subfield code="x">Library</marc:subfield>
            <marc:subfield code="j">伊都中央 BF開架</marc:subfield>
            <marc:subfield code="g">ItoChuo BF Open Stacks</marc:subfield>
            <marc:subfield code="p">068581480452614</marc:subfield>
            <marc:subfield code="f">4003500040</marc:subfield>
            <marc:subfield code="6">2001-06-04</marc:subfield>
            <marc:subfield code="i">OQ995000</marc:subfield>
          </marc:datafield>
          <marc:datafield tag="852" ind1=" " ind2=" ">
            <marc:subfield code="a">九大理系(FA02289X)</marc:subfield>
            <marc:subfield code="k">991.2/Ko 99/1A</marc:subfield>
            <marc:subfield code="m">NDC</marc:subfield>
            <marc:subfield code="b">Ito</marc:subfield>
            <marc:subfield code="c">***遡及PA2001 備品No.43667</marc:subfield>
            <marc:subfield code="x">Library</marc:subfield>
            <marc:subfield code="j">伊都中央 BF開架</marc:subfield>
            <marc:subfield code="g">ItoChuo BF Open Stacks</marc:subfield>
            <marc:subfield code="p">068581480452626</marc:subfield>
            <marc:subfield code="f">4003500040</marc:subfield>
            <marc:subfield code="6">2001-06-04</marc:subfield>
            <marc:subfield code="i">OQ995000</marc:subfield>
          </marc:datafield>
          <marc:datafield tag="852" ind1=" " ind2=" ">
            <marc:subfield code="a">九大理系(FA02289X)</marc:subfield>
            <marc:subfield code="k">991.2/Ko 99/1B</marc:subfield>
            <marc:subfield code="m">NDC</marc:subfield>
            <marc:subfield code="b">Ito</marc:subfield>
            <marc:subfield code="c">***遡及PA2001 備品No.43668</marc:subfield>
            <marc:subfield code="x">Library</marc:subfield>
            <marc:subfield code="j">伊都中央 BF開架</marc:subfield>
            <marc:subfield code="g">ItoChuo BF Open Stacks</marc:subfield>
            <marc:subfield code="p">068581480452638</marc:subfield>
            <marc:subfield code="f">4003500040</marc:subfield>
            <marc:subfield code="6">2002-09-03</marc:subfield>
            <marc:subfield code="i">OQ995000</marc:subfield>
          </marc:datafield>
          <marc:datafield tag="852" ind1=" " ind2=" ">
            <marc:subfield code="a">九大理系(FA02289X)</marc:subfield>
            <marc:subfield code="k">991.2/Ko 99/1C</marc:subfield>
            <marc:subfield code="m">NDC</marc:subfield>
            <marc:subfield code="b">Ito</marc:subfield>
            <marc:subfield code="c">***遡及PA2001 備品No.43670</marc:subfield>
            <marc:subfield code="x">Library</marc:subfield>
            <marc:subfield code="j">伊都中央 BF開架</marc:subfield>
            <marc:subfield code="g">ItoChuo BF Open Stacks</marc:subfield>
            <marc:subfield code="p">068581480452641</marc:subfield>
            <marc:subfield code="f">4003500040</marc:subfield>
            <marc:subfield code="6">2001-06-04</marc:subfield>
            <marc:subfield code="i">OQ995000</marc:subfield>
          </marc:datafield>
          <marc:datafield tag="852" ind1=" " ind2=" ">
            <marc:subfield code="a">九大理系(FA02289X)</marc:subfield>
            <marc:subfield code="k">991.2/Ko 99/1D</marc:subfield>
            <marc:subfield code="m">NDC</marc:subfield>
            <marc:subfield code="b">Ito</marc:subfield>
            <marc:subfield code="c">***遡及PA2001 備品No.43670</marc:subfield>
            <marc:subfield code="x">Library</marc:subfield>
            <marc:subfield code="j">伊都中央 BF開架</marc:subfield>
            <marc:subfield code="g">ItoChuo BF Open Stacks</marc:subfield>
            <marc:subfield code="p">068581480452653</marc:subfield>
            <marc:subfield code="f">4003500040</marc:subfield>
            <marc:subfield code="6">2001-06-04</marc:subfield>
            <marc:subfield code="i">OQ995000</marc:subfield>
          </marc:datafield>
          <marc:datafield tag="852" ind1=" " ind2=" ">
            <marc:subfield code="a">九大理系(FA02289X)</marc:subfield>
            <marc:subfield code="k">岩波文庫</marc:subfield>
            <marc:subfield code="m">NDC</marc:subfield>
            <marc:subfield code="b">Ito</marc:subfield>
            <marc:subfield code="c">***遡及2</marc:subfield>
            <marc:subfield code="x">Library</marc:subfield>
            <marc:subfield code="j">伊都中央2F開架文庫</marc:subfield>
            <marc:subfield code="g">ItoChuo 2F Bunko</marc:subfield>
            <marc:subfield code="p">068581480632744</marc:subfield>
            <marc:subfield code="f">4003500040</marc:subfield>
            <marc:subfield code="6">1998-07-15</marc:subfield>
            <marc:subfield code="i">OQ993100</marc:subfield>
          </marc:datafield>
          <marc:datafield tag="852" ind1=" " ind2=" ">
            <marc:subfield code="a">九大芸(FA003476)</marc:subfield>
            <marc:subfield code="k">902/Ko99</marc:subfield>
            <marc:subfield code="m">OTHER</marc:subfield>
            <marc:subfield code="b">Design</marc:subfield>
            <marc:subfield code="x">Library</marc:subfield>
            <marc:subfield code="j">芸工文庫 3階</marc:subfield>
            <marc:subfield code="g">DESIGN LIBRARY</marc:subfield>
            <marc:subfield code="p">072031170038557</marc:subfield>
            <marc:subfield code="f">4003500040</marc:subfield>
            <marc:subfield code="6">1999-04-01</marc:subfield>
            <marc:subfield code="i">OS000033</marc:subfield>
          </marc:datafield>
          <marc:datafield tag="880" ind1="1" ind2=" ">
            <marc:subfield code="6">100-01/$1</marc:subfield>
            <marc:subfield code="a">サイトウ, ニンズイ</marc:subfield>
          </marc:datafield>
          <marc:datafield tag="880" ind1="1" ind2=" ">
            <marc:subfield code="6">100-02/$1</marc:subfield>
            <marc:subfield code="a">コウズ, ハルシゲ</marc:subfield>
          </marc:datafield>
          <marc:datafield tag="880" ind1="1" ind2="0">
            <marc:subfield code="6">245-03/$1</marc:subfield>
            <marc:subfield code="a">ギリシア ローマ コテン ブンガク アンナイ</marc:subfield>
          </marc:datafield>
          <marc:datafield tag="880" ind1="3" ind2="3">
            <marc:subfield code="6">246-04/$1</marc:subfield>
            <marc:subfield code="a">ギリシヤ ローマ コテン ブンガク アナンイ</marc:subfield>
          </marc:datafield>
          <marc:datafield tag="880" ind1="0" ind2=" ">
            <marc:subfield code="6">490-05/$1</marc:subfield>
            <marc:subfield code="a">イワナミ ブンコ</marc:subfield>
          </marc:datafield>
          <marc:datafield tag="880" ind1=" " ind2="7">
            <marc:subfield code="6">650-06/$1</marc:subfield>
            <marc:subfield code="a">ギリシアブンガク</marc:subfield>
          </marc:datafield>
          <marc:datafield tag="880" ind1=" " ind2="7">
            <marc:subfield code="6">650-07/$1</marc:subfield>
            <marc:subfield code="a">ラテンブンガク</marc:subfield>
          </marc:datafield>
        </marc:record>
      </metadata>
    </record>