
    <record>
      <header>
        <identifier>oai:carli.illinois.edu:CARLIVoyager2/339</identifier>
        <datestamp>2011-10-21T15:25:34Z</datestamp>
        <setSpec>bib</setSpec>
      </header>
      <metadata>
        <marc:record xmlns:marc="http://www.loc.gov/MARC21/slim" xmlns:xsi="http://www.w3.org/2001/XMLSchema-instance" xsi:schemaLocation="http://www.loc.gov/MARC21/slim http://xc.ilcso.uiuc.edu:8080/OAIToolkit2/schema/MARC21slim_custom.xsd">
          <marc:leader>01584nam a2200385zi 4500</marc:leader>
          <marc:controlfield tag="001">BN01190461</marc:controlfield>
          <marc:controlfield tag="003">NII</marc:controlfield>
          <marc:controlfield tag="005">20110909142501.0</marc:controlfield>
          <marc:controlfield tag="007">ta </marc:controlfield>
          <marc:controlfield tag="008">090911s1983    ja ||||||b||||||||||jpn|d</marc:controlfield>
          <marc:datafield tag="015" ind1=" " ind2=" ">
            <marc:subfield code="a">JP83049089</marc:subfield>
            <marc:subfield code="2">kktzm</marc:subfield>
          </marc:datafield>
          <marc:datafield tag="016" ind1="7" ind2=" ">
            <marc:subfield code="a">BN01190461</marc:subfield>
            <marc:subfield code="2">JP-ToKJK</marc:subfield>
          </marc:datafield>
          <marc:datafield tag="020" ind1=" " ind2=" ">
            <marc:subfield code="a">4309220428</marc:subfield>
            <marc:subfield code="c">1900円</marc:subfield>
          </marc:datafield>
          <marc:datafield tag="040" ind1=" " ind2=" ">
            <marc:subfield code="a">NII</marc:subfield>
          </marc:datafield>
          <marc:datafield tag="041" ind1="1" ind2=" ">
            <marc:subfield code="a">jpn</marc:subfield>
            <marc:subfield code="h">ger</marc:subfield>
          </marc:datafield>
          <marc:datafield tag="044" ind1=" " ind2=" ">
            <marc:subfield code="a">ja</marc:subfield>
            <marc:subfield code="5">NII</marc:subfield>
          </marc:datafield>
          <marc:datafield tag="084" ind1=" " ind2=" ">
            <marc:subfield code="a">384.7</marc:subfield>
            <marc:subfield code="2">NDC8</marc:subfield>
          </marc:datafield>
          <marc:datafield tag="084" ind1=" " ind2=" ">
            <marc:subfield code="a">GA36</marc:subfield>
            <marc:subfield code="2">NDLC</marc:subfield>
          </marc:datafield>
          <marc:datafield tag="100" ind1="1" ind2=" ">
            <marc:subfield code="a">Frischauer, Paul, 1898-1977</marc:subfield>
            <marc:subfield code="0">(NII)DA00109382</marc:subfield>
          </marc:datafield>
          <marc:datafield tag="100" ind1="1" ind2=" ">
            <marc:subfield code="6">880-01</marc:subfield>
            <marc:subfield code="a">関, 楠生(1924-)</marc:subfield>
            <marc:subfield code="0">(NII)DA00109451</marc:subfield>
          </marc:datafield>
          <marc:datafield tag="245" ind1="1" ind2="0">
            <marc:subfield code="a">ローマからロココまで</marc:subfield>
            <marc:subfield code="c">パウル・フリッシャウアー著 ; 関楠生訳</marc:subfield>
            <marc:subfield code="6">880-02</marc:subfield>
          </marc:datafield>
          <marc:datafield tag="246" ind1="3" ind2="3">
            <marc:subfield code="a">Knaurs Sittengeschichte der Welt 2 : Von Rom bis zum Rokoko</marc:subfield>
          </marc:datafield>
          <marc:datafield tag="260" ind1=" " ind2=" ">
            <marc:subfield code="a">東京</marc:subfield>
            <marc:subfield code="b">河出書房新社</marc:subfield>
            <marc:subfield code="c">1983.8</marc:subfield>
          </marc:datafield>
          <marc:datafield tag="300" ind1=" " ind2=" ">
            <marc:subfield code="a">329p</marc:subfield>
            <marc:subfield code="c">20cm</marc:subfield>
          </marc:datafield>
          <marc:datafield tag="490" ind1="0" ind2=" ">
            <marc:subfield code="6">880-03</marc:subfield>
            <marc:subfield code="a">世界風俗史 / パウル・フリッシャウアー著</marc:subfield>
            <marc:subfield code="3">BN00091668</marc:subfield>
            <marc:subfield code="v">関楠生訳</marc:subfield>
          </marc:datafield>
          <marc:datafield tag="650" ind1=" " ind2="7">
            <marc:subfield code="6">880-04</marc:subfield>
            <marc:subfield code="a">性風俗</marc:subfield>
            <marc:subfield code="2">NDLSH</marc:subfield>
          </marc:datafield>
          <marc:datafield tag="740" ind1="0" ind2=" ">
            <marc:subfield code="a">ローマからロココまで</marc:subfield>
          </marc:datafield>
          <marc:datafield tag="830" ind1=" " ind2=" ">
            <marc:subfield code="w">BN00091668</marc:subfield>
          </marc:datafield>
          <marc:datafield tag="852" ind1=" " ind2=" ">
            <marc:subfield code="a">九大(FA003454)</marc:subfield>
            <marc:subfield code="k">382/F 47/1-2</marc:subfield>
            <marc:subfield code="m">NDC</marc:subfield>
            <marc:subfield code="b">Central</marc:subfield>
            <marc:subfield code="x">Library</marc:subfield>
            <marc:subfield code="j">中図 開架閲覧室</marc:subfield>
            <marc:subfield code="g">CENTRAL LIBRARY Reading Room</marc:subfield>
            <marc:subfield code="p">068031187015375</marc:subfield>
            <marc:subfield code="6">1998-04-01</marc:subfield>
            <marc:subfield code="i">OA111000</marc:subfield>
          </marc:datafield>
          <marc:datafield tag="852" ind1=" " ind2=" ">
            <marc:subfield code="a">九大芸(FA003476)</marc:subfield>
            <marc:subfield code="k">384.7/F47/2</marc:subfield>
            <marc:subfield code="m">OTHER</marc:subfield>
            <marc:subfield code="b">Design</marc:subfield>
            <marc:subfield code="x">Library</marc:subfield>
            <marc:subfield code="j">芸工3階</marc:subfield>
            <marc:subfield code="g">DESIGN LIBRARY</marc:subfield>
            <marc:subfield code="p">072031183006605</marc:subfield>
            <marc:subfield code="f">4309220428</marc:subfield>
            <marc:subfield code="6">2002-05-22</marc:subfield>
            <marc:subfield code="i">OS000030</marc:subfield>
          </marc:datafield>
          <marc:datafield tag="880" ind1="1" ind2=" ">
            <marc:subfield code="6">100-01/$1</marc:subfield>
            <marc:subfield code="a">セキ, クスオ</marc:subfield>
          </marc:datafield>
          <marc:datafield tag="880" ind1="1" ind2="0">
            <marc:subfield code="6">245-02/$1</marc:subfield>
            <marc:subfield code="a">ローマ カラ ロココ マデ</marc:subfield>
          </marc:datafield>
          <marc:datafield tag="880" ind1="0" ind2=" ">
            <marc:subfield code="6">490-03/$1</marc:subfield>
            <marc:subfield code="a">セカイ フウゾクシ</marc:subfield>
          </marc:datafield>
          <marc:datafield tag="880" ind1=" " ind2="7">
            <marc:subfield code="6">650-04/$1</marc:subfield>
            <marc:subfield code="a">セイフウゾク</marc:subfield>
          </marc:datafield>
        </marc:record>
      </metadata>
    </record>