
    <record>
      <header>
        <identifier>oai:carli.illinois.edu:CARLIVoyager2/343</identifier>
        <datestamp>2011-10-21T15:25:34Z</datestamp>
        <setSpec>bib</setSpec>
      </header>
      <metadata>
        <marc:record xmlns:marc="http://www.loc.gov/MARC21/slim" xmlns:xsi="http://www.w3.org/2001/XMLSchema-instance" xsi:schemaLocation="http://www.loc.gov/MARC21/slim http://xc.ilcso.uiuc.edu:8080/OAIToolkit2/schema/MARC21slim_custom.xsd">
          <marc:leader>02524nam a2200373zi 4500</marc:leader>
          <marc:controlfield tag="001">BN01512750</marc:controlfield>
          <marc:controlfield tag="003">NII</marc:controlfield>
          <marc:controlfield tag="005">20110909142503.0</marc:controlfield>
          <marc:controlfield tag="007">ta </marc:controlfield>
          <marc:controlfield tag="008">090911s1964    ja ||||||b||||||||||jpn|d</marc:controlfield>
          <marc:datafield tag="016" ind1="7" ind2=" ">
            <marc:subfield code="a">BN01512750</marc:subfield>
            <marc:subfield code="2">JP-ToKJK</marc:subfield>
          </marc:datafield>
          <marc:datafield tag="020" ind1=" " ind2=" ">
            <marc:subfield code="a">4000025716</marc:subfield>
            <marc:subfield code="c">4000円</marc:subfield>
          </marc:datafield>
          <marc:datafield tag="040" ind1=" " ind2=" ">
            <marc:subfield code="a">NII</marc:subfield>
          </marc:datafield>
          <marc:datafield tag="041" ind1="0" ind2=" ">
            <marc:subfield code="a">jpn</marc:subfield>
          </marc:datafield>
          <marc:datafield tag="044" ind1=" " ind2=" ">
            <marc:subfield code="a">ja</marc:subfield>
            <marc:subfield code="5">NII</marc:subfield>
          </marc:datafield>
          <marc:datafield tag="084" ind1=" " ind2=" ">
            <marc:subfield code="a">232.8</marc:subfield>
            <marc:subfield code="2">NDC8</marc:subfield>
          </marc:datafield>
          <marc:datafield tag="100" ind1="1" ind2=" ">
            <marc:subfield code="6">880-01</marc:subfield>
            <marc:subfield code="a">弓削, 達(1924-)</marc:subfield>
            <marc:subfield code="0">(NII)DA00382439</marc:subfield>
          </marc:datafield>
          <marc:datafield tag="245" ind1="1" ind2="0">
            <marc:subfield code="a">ローマ帝国の国家と社会</marc:subfield>
            <marc:subfield code="c">弓削達著</marc:subfield>
            <marc:subfield code="6">880-02</marc:subfield>
          </marc:datafield>
          <marc:datafield tag="260" ind1=" " ind2=" ">
            <marc:subfield code="a">東京</marc:subfield>
            <marc:subfield code="b">岩波書店</marc:subfield>
            <marc:subfield code="c">1964. 8</marc:subfield>
          </marc:datafield>
          <marc:datafield tag="300" ind1=" " ind2=" ">
            <marc:subfield code="a">iv, 531, 17p</marc:subfield>
            <marc:subfield code="c">22cm</marc:subfield>
          </marc:datafield>
          <marc:datafield tag="650" ind1=" " ind2="7">
            <marc:subfield code="6">880-03</marc:subfield>
            <marc:subfield code="a">ローマ -- 歴史 -- 帝政時代</marc:subfield>
            <marc:subfield code="2">NDLSH</marc:subfield>
          </marc:datafield>
          <marc:datafield tag="740" ind1="0" ind2=" ">
            <marc:subfield code="a">ローマ帝国の国家と社会</marc:subfield>
          </marc:datafield>
          <marc:datafield tag="852" ind1=" " ind2=" ">
            <marc:subfield code="a">九大(FA003454)</marc:subfield>
            <marc:subfield code="k">哲学/601/548</marc:subfield>
            <marc:subfield code="m">OTHER</marc:subfield>
            <marc:subfield code="b">Humanities and Social Sciences</marc:subfield>
            <marc:subfield code="c">***遡及BVDHP2003 298774</marc:subfield>
            <marc:subfield code="x">Library</marc:subfield>
            <marc:subfield code="j">文 哲学哲学共</marc:subfield>
            <marc:subfield code="g">LETTERS, Western Philosophy</marc:subfield>
            <marc:subfield code="p">005132003048076</marc:subfield>
            <marc:subfield code="f">4000025716</marc:subfield>
            <marc:subfield code="6">2003-09-19</marc:subfield>
            <marc:subfield code="i">AA101000</marc:subfield>
          </marc:datafield>
          <marc:datafield tag="852" ind1=" " ind2=" ">
            <marc:subfield code="a">九大(FA003454)</marc:subfield>
            <marc:subfield code="k">教育/24B/92</marc:subfield>
            <marc:subfield code="m">OTHER</marc:subfield>
            <marc:subfield code="b">Humanities and Social Sciences</marc:subfield>
            <marc:subfield code="c">***遡及PA2001 299774</marc:subfield>
            <marc:subfield code="x">Library</marc:subfield>
            <marc:subfield code="j">教育 330書庫</marc:subfield>
            <marc:subfield code="g">EDUCATION</marc:subfield>
            <marc:subfield code="p">010132000142458</marc:subfield>
            <marc:subfield code="f">4000025716</marc:subfield>
            <marc:subfield code="6">2001-06-19</marc:subfield>
            <marc:subfield code="i">BB000010</marc:subfield>
          </marc:datafield>
          <marc:datafield tag="852" ind1=" " ind2=" ">
            <marc:subfield code="a">九大(FA003454)</marc:subfield>
            <marc:subfield code="k">Kj 30/Y/1</marc:subfield>
            <marc:subfield code="m">OTHER</marc:subfield>
            <marc:subfield code="b">Humanities and Social Sciences</marc:subfield>
            <marc:subfield code="c">***遡及PA2001 298717</marc:subfield>
            <marc:subfield code="x">Library</marc:subfield>
            <marc:subfield code="j">法</marc:subfield>
            <marc:subfield code="g">LAW Library</marc:subfield>
            <marc:subfield code="p">015132001060843</marc:subfield>
            <marc:subfield code="f">4000025716</marc:subfield>
            <marc:subfield code="6">2001-08-09</marc:subfield>
            <marc:subfield code="i">CA000000</marc:subfield>
          </marc:datafield>
          <marc:datafield tag="852" ind1=" " ind2=" ">
            <marc:subfield code="a">九大(FA003454)</marc:subfield>
            <marc:subfield code="k">111/Y/48</marc:subfield>
            <marc:subfield code="m">OTHER</marc:subfield>
            <marc:subfield code="b">Humanities and Social Sciences</marc:subfield>
            <marc:subfield code="c">***遡及PA2001 299669</marc:subfield>
            <marc:subfield code="x">Library</marc:subfield>
            <marc:subfield code="j">経 プレハブ1F</marc:subfield>
            <marc:subfield code="g">ECONOMICS PREFAB 1F</marc:subfield>
            <marc:subfield code="p">017132000277212</marc:subfield>
            <marc:subfield code="f">4000025716</marc:subfield>
            <marc:subfield code="6">2003-12-25</marc:subfield>
            <marc:subfield code="i">DA000013</marc:subfield>
          </marc:datafield>
          <marc:datafield tag="852" ind1=" " ind2=" ">
            <marc:subfield code="a">九大(FA003454)</marc:subfield>
            <marc:subfield code="k">232/Y 96/r</marc:subfield>
            <marc:subfield code="m">NDC</marc:subfield>
            <marc:subfield code="b">Central</marc:subfield>
            <marc:subfield code="c">***遡及PA2000 24706 農三</marc:subfield>
            <marc:subfield code="x">Library</marc:subfield>
            <marc:subfield code="j">中図 書庫(農)</marc:subfield>
            <marc:subfield code="g">CENTRAL LIBRARY Stack</marc:subfield>
            <marc:subfield code="p">034132000061808</marc:subfield>
            <marc:subfield code="f">4000025716</marc:subfield>
            <marc:subfield code="6">2001-06-19</marc:subfield>
            <marc:subfield code="i">JA909000</marc:subfield>
          </marc:datafield>
          <marc:datafield tag="852" ind1=" " ind2=" ">
            <marc:subfield code="a">九大(FA003454)</marc:subfield>
            <marc:subfield code="k">261/ロ/2</marc:subfield>
            <marc:subfield code="m">OTHER</marc:subfield>
            <marc:subfield code="b">Central</marc:subfield>
            <marc:subfield code="c">***遡及 303709</marc:subfield>
            <marc:subfield code="x">Library</marc:subfield>
            <marc:subfield code="j">中図 書庫地階</marc:subfield>
            <marc:subfield code="g">CENTRAL LIBRARY Bacement Floor</marc:subfield>
            <marc:subfield code="p">068031480438455</marc:subfield>
            <marc:subfield code="6">2001-06-19</marc:subfield>
            <marc:subfield code="i">OA152000</marc:subfield>
          </marc:datafield>
          <marc:datafield tag="852" ind1=" " ind2=" ">
            <marc:subfield code="a">九大理系(FA02289X)</marc:subfield>
            <marc:subfield code="k">232/Y 96/r</marc:subfield>
            <marc:subfield code="m">NDC</marc:subfield>
            <marc:subfield code="b">Ito</marc:subfield>
            <marc:subfield code="c">***遡及PA2000 15781 農政一</marc:subfield>
            <marc:subfield code="x">Library</marc:subfield>
            <marc:subfield code="j">伊都理系　自動書庫</marc:subfield>
            <marc:subfield code="g">Ito Library ASRS</marc:subfield>
            <marc:subfield code="p">068341480070121</marc:subfield>
            <marc:subfield code="f">4000025716</marc:subfield>
            <marc:subfield code="6">2008-05-23</marc:subfield>
            <marc:subfield code="i">OP900000</marc:subfield>
          </marc:datafield>
          <marc:datafield tag="852" ind1=" " ind2=" ">
            <marc:subfield code="a">九大理系(FA02289X)</marc:subfield>
            <marc:subfield code="k">232/Y 96/1</marc:subfield>
            <marc:subfield code="m">NDC</marc:subfield>
            <marc:subfield code="b">Ito</marc:subfield>
            <marc:subfield code="c">***遡及1 備品No.69470</marc:subfield>
            <marc:subfield code="x">Library</marc:subfield>
            <marc:subfield code="j">伊都中央 BF開架</marc:subfield>
            <marc:subfield code="g">ItoChuo BF Open Stacks</marc:subfield>
            <marc:subfield code="p">068581480252506</marc:subfield>
            <marc:subfield code="f">4000025716</marc:subfield>
            <marc:subfield code="6">2004-10-19</marc:subfield>
            <marc:subfield code="i">OQ995000</marc:subfield>
          </marc:datafield>
          <marc:datafield tag="880" ind1="1" ind2=" ">
            <marc:subfield code="6">100-01/$1</marc:subfield>
            <marc:subfield code="a">ユゲ, トオル</marc:subfield>
          </marc:datafield>
          <marc:datafield tag="880" ind1="1" ind2="0">
            <marc:subfield code="6">245-02/$1</marc:subfield>
            <marc:subfield code="a">ローマ テイコク ノ コッカ ト シャカイ</marc:subfield>
          </marc:datafield>
          <marc:datafield tag="880" ind1=" " ind2="7">
            <marc:subfield code="6">650-03/$1</marc:subfield>
            <marc:subfield code="a">ローマ -- レキシ -- テイセイジダイ</marc:subfield>
          </marc:datafield>
        </marc:record>
      </metadata>
    </record>